2760 4756
494 409 689 476 maxume
707 421 777 472 mn.
798 418 832 472 x.
855 411 885 472 ε.
1202 402 1239 469 ’9

135 598 311 690 μηςέτους
336 593 466 693 ,ςφηρί
489 594 572 684 μετὰ
590 591 871 687 τήνἘόστρατίου
893 601 953 666 τοῦ
974 604 1005 665 Γ
1000 600 1096 683 αριδᾶ
1119 597 1239 683 παραί-

135 729 242 791 τησιν.
287 703 321 770 ἐν
344 701 419 769 δυσί
441 701 477 768 δέ
497 701 718 790 πυκτίοιςτην
732 695 936 787 ἒπεριότηαιν
950 700 1029 785 περί
1045 703 1114 781 τοῦ,
1138 698 1167 769 εἰ
1189 702 1241 767 δεῖ

137 800 364 892 ἐξεληλυθότα
386 800 638 888 τοῖςίίομόινοις
655 803 839 872 ἐπιθέσθαι
861 797 884 890 ἢ
904 798 958 891 μή,
982 799 1242 890 ἔνσημηνόμενος

137 913 187 994 τῷ
209 907 383 994 κορυφαίῳ
416 900 549 970 πάντων
577 900 839 991 παρεκελεύσατο
874 904 1083 972 καταθέσθαι
1116 900 1164 984 εἷς
1183 906 1242 996 την

112 1004 234 1094 aiendo
262 1002 437 1091 τράπεζαν.
486 1001 649 1088 παννύχου
688 1007 724 1073 δέ
762 1010 820 1093 τῆς
852 1002 1015 1092 ύμνῳόίας
1047 1007 1241 1095 τελουμένης

138 1107 226 1177 rme?
248 1106 288 1176 τὸ
312 1109 519 1196 περίορθρον
540 1104 675 1176 εἴσεισιν
697 1104 714 1175 ό
737 1104 899 1187 τεθεικώς
915 1109 969 1174 καὶ
982 1101 1238 1193 ἅναλαμβύνεται

137 1207 200 1278 τόν
221 1206 341 1297 χάρτην
361 1211 416 1277 καί
437 1206 598 1296 ἐξαγαγών
620 1210 675 1286 καὶ
695 1206 794 1289 λύσας
817 1203 961 1276 ένιόπιον
983 1205 1116 1276 πάντων
1137 1206 1240 1277 ύπαν·

139 1313 309 1398 εγίνωσκε.
352 1308 391 1378 τό
414 1307 586 1395 ἐνδόσιμον
601 1299 658 1378 ούν
677 1307 811 1382 ἐκεῖθεν
824 1305 939 1396 ιόσπερ
962 1310 997 1378 ἐκ
1018 1312 1115 1392 θείας
1131 1305 1270 1403 όμφῆςθ

139 1410 160 1480 ὁ
191 1405 410 1497 αότοκρότωρ
444 1409 554 1495 λαβών
584 1407 660 1492 ὅλος
691 1407 830 1497 ἐγεγόνει
861 1415 922 1498 τῆς
951 1413 1157 1500 ἐκστρατείας
1188 1415 1241 1481 καὶ

94 1534 130 1584 10
138 1512 197 1582 διὰ
220 1516 356 1601 γραφῶν
377 1509 610 1596 ἁπανταχόθεν
631 1512 820 1582 α’νεκαλεῖτο
843 1511 881 1581 τό
904 1509 1097 1599 στράτευμα.
1136 1511 1242 1595 καλῶς

137 1616 255 1685 τοίνυν
276 1611 607 1702 παρασκευασάμενος
628 1617 688 1703 τῆς
707 1612 790 1683 κατὰ
812 1619 879 1682 τῶν
902 1610 1066 1700 Κομύνων
1093 1611 1173 1684 όδοῦ
1196 1611 1242 1683 εἷ’-

137 1743 231 1801 χετο.
272 1713 363 1784 ἅπαν
385 1704 444 1785 οόν
464 1713 502 1783 τό
532 1712 718 1801 στράτευμα
746 1713 1047 1801 μετακαλεσάμενος
1068 1719 1123 1783 καὶ
1144 1742 1242 1783 κατα-

137 1815 255 1903 λαβών
275 1815 335 1909 τήν
353 1813 525 1905 Ἀγχίαλον
545 1814 605 1886 τόν
625 1819 685 1902 μέν
704 1813 791 1885 λ’όιον
811 1815 957 1904 γαμβρόν
971 1817 1123 1902 Καίσαρα
1142 1827 1242 1905 Νικη-

137 1916 253 2009 φόρον
278 1919 337 1987 τόν
359 1917 569 2006 Μελισσηνόν
596 1920 650 1986 καὶ
681 1915 739 1986 τόν
756 1920 983 2005 Παλαιολόγον
1005 1927 1025 1986 Ι
1027 1916 1168 2006 ἐιόργιον
1188 1923 1242 1987 καὶ

91 2019 201 2091 londo
224 2014 421 2108 ἅδελφιόοῦν
442 2013 542 2089 αότοό
566 2013 716 2108 Ἰωάννην
736 2021 795 2088 τόν
813 2021 1001 2108 Ταρωνίτην
1021 2017 1242 2107 μεταπεμψό-

136 2147 243 2208 μενας
275 2119 322 2202 είς
349 2118 476 2208 Βερόην
510 2121 687 2207 ἐκπέμπει,
722 2107 824 2212 ἒφήλ
853 2123 1073 2209 ἐπαγρυπνεῖν
1102 2124 1156 2190 καί
1184 2115 1242 2191 α’σ-

137 2220 282 2313 φάλειαν
310 2217 410 2314 αότῆς
440 2247 477 2290 τε
503 2225 558 2291 καί
585 2225 653 2291 τῶν
676 2225 924 2309 παρακειμένων
951 2218 1033 2315 αύτῇ
1055 2229 1241 2306 ποιεῖσθαι.

136 2322 222 2404 τούς
242 2325 282 2392 δέ
304 2348 339 2410 γε
361 2321 500 2404 λοιπούς
528 2326 595 2392 τῶν
624 2325 780 2410 ἐκκρίτων
806 2322 922 2393 διελών
950 2323 991 2393 τό
1017 2322 1243 2410 στρατεύματα

137 2426 196 2492 καί
217 2421 376 2515 ἡγεμόνας
385 2422 512 2492 τούτων
530 2417 649 2506 αύτούς
666 2422 869 2517 καταστήσας
889 2423 948 2493 τόν
962 2422 1161 2513 Λαβατηνόν,
1184 2423 1276 2493 niel>
1295 2425 1303 2442 ⁸

87 2520 358 2615 ΞοΕύφορβηνόν
380 2533 410 2593 Γ
406 2522 543 2614 ειόργιον
563 2528 618 2594 καὶ
632 2533 884 2598 Κωνσταντῖνον
904 2525 963 2597 τόν
980 2522 1243 2615 Οόμπερτόποα·

136 2631 200 2696 λον
221 2625 270 2706 είς
289 2627 436 2718 φυλακην
456 2631 523 2694 ταῖν
548 2631 628 2715 περὶ
655 2625 713 2697 τόν
734 2626 841 2716 Ζυγόν
862 2630 1074 2713 διακειμένων
1094 2631 1242 2697 κλεισοο-

137 2729 213 2813 ρῶν
239 2727 465 2819 έκπέπομφεν.
516 2729 648 2798 ἐκεῖθεν
676 2730 712 2799 δέ
737 2728 796 2822 τήν
824 2731 1016 2819 Χορταρέαν
1048 2725 1242 2814 καταλαβών

244 2927 268 2978 l.
288 2924 393 2994 Γαριιίᾶ
410 2925 442 3008 lf,
488 2926 599 2997 Taposiri
617 2926 649 2995 G,
693 2929 798 2996 Γαρίδα
815 2929 846 2982 Ρ.
946 2963 947 2966 =
1015 2931 1040 2982 2.
1060 2921 1192 3012 ἐρώτησιν
1209 2928 1242 2984 G.

243 2997 269 3051 θ.
288 2996 477 3061 λξεληλυθοτος
495 2997 527 3059 θ,
607 3004 810 3054 συνεπιθέσθαι
829 3001 862 3054 Α.
942 2999 1169 3071 ἐνσημηναμινος
1187 2999 1241 3065 cll,

243 3061 477 3194 ξησηηιῦηηέόηρενοι
495 3069 527 3135 G,
561 3065 809 3142 ἑνσημημνείμενος
826 3069 858 3128 P.
979 3073 1020 3126 ll.
1039 3072 1071 3144 τῇ
1133 3069 1192 3141 top
1209 3071 1241 3127 G.

136 3312 234 3368 sexies
261 3309 401 3367 millesimi
428 3311 643 3383 quingentesimi
671 3311 846 3383 nonagesimi
873 3311 987 3368 eeeundi
1015 3315 1080 3382 poet
1105 3313 1243 3370 Euetrstii

136 3381 265 3440 Garidse
281 3381 493 3439 abdioationem.
531 3383 571 3440 ibi
591 3383 758 3454 descriptam
782 3385 811 3439 in
830 3385 937 3439 duabus
963 3384 1067 3440 tabulis
1087 3385 1243 3454 interroga-

125 3457 259 3530 }ionem,
276 3472 342 3509 num
362 3455 472 3511 obviam
491 3454 620 3511 Comanis
639 3457 729 3510 exiret
741 3473 834 3526 neone,
854 3455 942 3510 tradit
952 3458 1075 3512 omnium
1085 3455 1242 3526 coryphaeo

137 3529 168 3583 in
183 3543 266 3581 saera
276 3543 371 3583 mensa
380 3527 581 3596 deponendam.
599 3531 715 3597 totaque
725 3531 807 3582 noete
819 3527 928 3598 hymnis
940 3533 1089 3596 traneoeta,
1107 3528 1241 3595 diluenlo,

137 3599 190 3670 qui
211 3597 378 3668 deposuerat
402 3599 540 3667 obortam,
568 3597 669 3670 recipit
697 3598 871 3669 delatumque
889 3604 918 3655 et
937 3617 1032 3655 coram
1051 3600 1181 3655 omnibus
1198 3617 1242 3654 re·

136 3671 281 3742 eignatm
299 3669 377 3740 legit.
409 3670 483 3725 unde
501 3670 721 3725 exhortationem
740 3675 880 3740 tamquam
901 3671 996 3726 divino
1007 3671 1109 3726 editam
1129 3671 1242 3726 oreuulo

135 3743 299 3812 imperator
323 3741 462 3811 recipiens
485 3746 577 3797 totum
604 3759 632 3797 ee
657 3740 735 3797 dedit
762 3742 934 3826 expeditioni
954 3743 1102 3813 eopieeque
1120 3742 1242 3812 undique

135 3812 245 3870 litteris
265 3811 337 3867 datie
356 3814 509 3868 contraxit.
546 3813 615 3868 satie
634 3813 722 3883 igitur
735 3815 863 3869 omnibus
875 3815 982 3883 paratio
997 3815 1051 3868 iter
1063 3813 1093 3869 in
1105 3814 1241 3870 (lemanno

135 3884 320 3942 moliebatur.
357 3888 513 3954 onnotoque
541 3884 663 3940 exercitu
682 3885 816 3941 aroesnitu
835 3885 998 3941 Anchialum
1017 3885 1160 3955 protentus
1178 3885 1243 3942 Cae·

135 3973 232 4014 saram
252 3955 440 4026 Nicephorum
459 3955 637 4011 Meliesenum
665 3956 778 4012 affinem
802 3974 883 4012 ouum
909 3960 938 4012 et
957 3957 1107 4028 Georgium
1130 3957 1242 4013 Palaeo-

134 4031 237 4102 logum
268 4031 352 4096 atque
376 4028 481 4082 sororis
505 4026 593 4082 filium
619 4027 751 4083 loannem
770 4028 932 4100 Taronitem
950 4028 1058 4084 Beroen
1077 4029 1192 4099 dimisit,
1211 4032 1243 4084 ut

134 4107 165 4158 et
184 4099 254 4155 urbi
271 4101 300 4153 et
319 4097 445 4154 finitimis
463 4099 625 4169 regionibus
643 4103 735 4155 eeeent
754 4100 897 4156 custodiae
917 4104 946 4155 et
964 4100 1110 4171 praesidio.
1147 4119 1182 4156 ex
1200 4118 1243 4156 oe·

133 4173 209 4229 teris
227 4186 295 4228 vero
315 4167 432 4226 duoibue
450 4170 633 4240 Dabntenum,
656 4171 873 4242 Euphorbenum
893 4172 1043 4243 Georgium
1062 4175 1090 4228 et
1109 4171 1243 4228 coneten-

133 4247 233 4301 tinum
259 4239 465 4312 Ubertopulum
493 4242 609 4314 delegit:
635 4260 705 4313 quoe
735 4244 849 4300 traditis
876 4243 975 4314 cuique
1001 4244 1088 4315 oopiin
1111 4243 1188 4300 misit
1206 4243 1243 4300 ad

132 4316 210 4388 Zygi
229 4314 327 4371 fauces
345 4311 553 4371 ouetodiendee.
582 4317 644 4370 ium
662 4314 699 4372 ad
711 4314 898 4387 chortaream,
917 4333 987 4387 quae
1005 4320 1048 4373 eet
1062 4332 1161 4373 nnaex
1172 4313 1243 4386 Zygi
