<?xml version="1.0" encoding="UTF-8"?>
<!DOCTYPE html PUBLIC "-//W3C//DTD XHTML 1.0 Transitional//EN"
    "http://www.w3.org/TR/xhtml1/DTD/xhtml1-transitional.dtd">
<html xmlns="http://www.w3.org/1999/xhtml" xml:lang="en" lang="en">
 <head>
  <title>
</title>
<meta http-equiv="Content-Type" content="text/html;charset=utf-8" />
  <meta name='ocr-system' content='tesseract 3.04.00' />
  <meta name='ocr-capabilities' content='ocr_page ocr_carea ocr_par ocr_line ocrx_word'/>
</head>
<body>
  <div class='ocr_page' id='page_1' title='image "annaecomnenaeal00schogoog_0031.png"; bbox 0 0 2760 4756; ppageno 0'>
   <div class='ocr_carea' id='block_1_1' title="bbox 217 387 935 448">
    <p class='ocr_par' dir='ltr' id='par_1_1' title="bbox 217 387 935 448">
     <span class='ocr_line' id='line_1_1' title="bbox 217 387 935 448; baseline 0 0"><span class='ocrx_word' id='word_1_1' title='bbox 217 387 255 448; x_wconf 88' lang='grc'><strong><em>14</em></strong></span> <span class='ocrx_word' id='word_1_2' title='bbox 596 397 719 448; x_wconf 69' lang='lat' dir='ltr'>Auium</span> <span class='ocrx_word' id='word_1_3' title='bbox 739 396 935 448; x_wconf 66' lang='lat' dir='ltr'><strong><em>coeluum*</em></strong></span> 
     </span>
    </p>
   </div>
   <div class='ocr_carea' id='block_1_2' title="bbox 100 559 1357 3077">
    <p class='ocr_par' dir='ltr' id='par_1_2' title="bbox 100 559 1357 3077">
     <span class='ocr_line' id='line_1_2' title="bbox 213 559 1311 656; baseline -0.001 -24"><span class='ocrx_word' id='word_1_4' title='bbox 213 561 286 647; x_wconf 77' lang='grc' dir='ltr'><strong><em>έαχε</em></strong></span> <span class='ocrx_word' id='word_1_5' title='bbox 308 560 468 632; x_wconf 80' lang='grc' dir='ltr'><strong><em>διάθεσιν.</em></strong></span> <span class='ocrx_word' id='word_1_6' title='bbox 513 560 597 632; x_wconf 82' lang='grc' dir='ltr'><strong><em>ἐπάν</em></strong></span> <span class='ocrx_word' id='word_1_7' title='bbox 623 563 660 630; x_wconf 85' lang='grc' dir='ltr'><strong><em>δέ</em></strong></span> <span class='ocrx_word' id='word_1_8' title='bbox 681 560 719 630; x_wconf 87' lang='grc' dir='ltr'><strong><em>τό</em></strong></span> <span class='ocrx_word' id='word_1_9' title='bbox 742 559 882 648; x_wconf 90' lang='grc' dir='ltr'><strong><em>κάστρον</em></strong></span> <span class='ocrx_word' id='word_1_10' title='bbox 904 559 982 651; x_wconf 80' lang='grc' dir='ltr'><strong><em>ἡμῖν</em></strong></span> <span class='ocrx_word' id='word_1_11' title='bbox 1007 565 1195 656; x_wconf 72' lang='grc' dir='ltr'><strong><em>παραδοθῇ,</em></strong></span> <span class='ocrx_word' id='word_1_12' title='bbox 1224 561 1311 633; x_wconf 75' lang='lat' dir='ltr'>olleo</span> 
     </span>
     <span class='ocr_line' id='line_1_3' title="bbox 210 661 1314 755; baseline 0.004 -24"><span class='ocrx_word' id='word_1_13' title='bbox 210 669 268 753; x_wconf 81' lang='grc' dir='ltr'><strong><em>της</em></strong></span> <span class='ocrx_word' id='word_1_14' title='bbox 290 665 346 732; x_wconf 78' lang='grc' dir='ltr'><strong><em>ἐπὶ</em></strong></span> <span class='ocrx_word' id='word_1_15' title='bbox 367 663 407 732; x_wconf 83' lang='grc' dir='ltr'><strong><em>τὰ</em></strong></span> <span class='ocrx_word' id='word_1_16' title='bbox 430 663 626 750; x_wconf 75' lang='grc' dir='ltr'><strong><em>ἔμπροσθεν</em></strong></span> <span class='ocrx_word' id='word_1_17' title='bbox 646 666 698 731; x_wconf 83' lang='grc' dir='ltr'><strong><em>καὶ</em></strong></span> <span class='ocrx_word' id='word_1_18' title='bbox 721 662 806 748; x_wconf 83' lang='grc' dir='ltr'><strong><em>πρός</em></strong></span> <span class='ocrx_word' id='word_1_19' title='bbox 819 661 878 751; x_wconf 78' lang='grc' dir='ltr'><strong><em>τὴν</em></strong></span> <span class='ocrx_word' id='word_1_20' title='bbox 895 661 1130 747; x_wconf 80' lang='grc' dir='ltr'><strong><em>βασιλεύουσαν</em></strong></span> <span class='ocrx_word' id='word_1_21' title='bbox 1149 661 1314 755; x_wconf 75' lang='grc' dir='ltr'><strong><em>φερούσης</em></strong></span> 
     </span>
     <span class='ocr_line' id='line_1_4' title="bbox 211 758 1313 852; baseline 0.001 -20"><span class='ocrx_word' id='word_1_22' title='bbox 211 762 404 850; x_wconf 82' lang='grc' dir='ltr'><strong><em>δψόμεθα.”</em></strong></span> <span class='ocrx_word' id='word_1_23' title='bbox 449 771 547 832; x_wconf 88' lang='grc' dir='ltr'><strong><em>θεῖον</em></strong></span> <span class='ocrx_word' id='word_1_24' title='bbox 569 765 605 832; x_wconf 81' lang='grc' dir='ltr'><strong><em>δὲ</em></strong></span> <span class='ocrx_word' id='word_1_25' title='bbox 633 764 690 832; x_wconf 79' lang='grc' dir='ltr'><strong><em>τόν</em></strong></span> <span class='ocrx_word' id='word_1_26' title='bbox 711 766 885 848; x_wconf 86' lang='grc' dir='ltr'><strong><em>Βρυέννιον</em></strong></span> <span class='ocrx_word' id='word_1_27' title='bbox 916 758 1062 850; x_wconf 83' lang='grc' dir='ltr'><strong><em>ώνύμαζε</em></strong></span> <span class='ocrx_word' id='word_1_28' title='bbox 1094 763 1313 852; x_wconf 88' lang='grc' dir='ltr'><strong><em>παράκουσμά</em></strong></span> 
     </span>
     <span class='ocr_line' id='line_1_5' title="bbox 210 857 1312 953; baseline 0.003 -23"><span class='ocrx_word' id='word_1_29' title='bbox 210 891 244 933; x_wconf 87' lang='grc' dir='ltr'><strong><em>τι</em></strong></span> <span class='ocrx_word' id='word_1_30' title='bbox 267 863 351 948; x_wconf 80' lang='grc' dir='ltr'><strong><em>έχων</em></strong></span> <span class='ocrx_word' id='word_1_31' title='bbox 372 857 519 953; x_wconf 82' lang='grc' dir='ltr'><strong><em>ἀληθοῦς</em></strong></span> <span class='ocrx_word' id='word_1_32' title='bbox 542 862 749 944; x_wconf 80' lang='grc' dir='ltr'><strong><em>ὑποθέσεως.</em></strong></span> <span class='ocrx_word' id='word_1_33' title='bbox 794 866 848 932; x_wconf 84' lang='grc' dir='ltr'><strong><em>καὶ</em></strong></span> <span class='ocrx_word' id='word_1_34' title='bbox 874 861 935 951; x_wconf 82' lang='grc' dir='ltr'><strong><em>γάρ</em></strong></span> <span class='ocrx_word' id='word_1_35' title='bbox 957 862 974 933; x_wconf 84' lang='grc' dir='ltr'>ὁ</span> <span class='ocrx_word' id='word_1_36' title='bbox 997 863 1102 933; x_wconf 88' lang='grc' dir='ltr'><strong><em>πάλαι</em></strong></span> <span class='ocrx_word' id='word_1_37' title='bbox 1122 868 1312 949; x_wconf 84' lang='grc' dir='ltr'><strong><em>βεβασιλευ-</em></strong></span> 
     </span>
     <span class='ocr_line' id='line_1_6' title="bbox 211 957 1339 1055; baseline 0.004 -23"><span class='ocrx_word' id='word_1_38' title='bbox 211 962 277 1046; x_wconf 87' lang='grc' dir='ltr'><strong><em>κώς</em></strong></span> <span class='ocrx_word' id='word_1_39' title='bbox 295 963 459 1051; x_wconf 86' lang='grc' dir='ltr'><strong><em>Ῥωμανός</em></strong></span> <span class='ocrx_word' id='word_1_40' title='bbox 480 963 498 1033; x_wconf 86' lang='grc' dir='ltr'><strong><em>δ</em></strong></span> <span class='ocrx_word' id='word_1_41' title='bbox 521 967 674 1052; x_wconf 77' lang='grc' dir='ltr'><strong><em>Διογένης</em></strong></span> <span class='ocrx_word' id='word_1_42' title='bbox 702 957 803 1051; x_wconf 79' lang='grc' dir='ltr'><strong><em>ἀνδρα</em></strong></span> <span class='ocrx_word' id='word_1_43' title='bbox 830 968 960 1034; x_wconf 81' lang='grc' dir='ltr'><strong><em>τουτονὶ</em></strong></span> <span class='ocrx_word' id='word_1_44' title='bbox 986 963 1043 1033; x_wconf 86' lang='grc' dir='ltr'><strong><em>τόν</em></strong></span> <span class='ocrx_word' id='word_1_45' title='bbox 1067 969 1240 1052; x_wconf 86' lang='grc' dir='ltr'><strong><em>Βρυέννιον</em></strong></span> <span class='ocrx_word' id='word_1_46' title='bbox 1267 983 1339 1055; x_wconf 54' lang='lat' dir='ltr'><strong><em>yvo</em></strong></span> 
     </span>
     <span class='ocr_line' id='line_1_7' title="bbox 100 1063 1314 1160; baseline 0.003 -26"><span class='ocrx_word' id='word_1_47' title='bbox 100 1087 129 1141; x_wconf 80' lang='lat' dir='ltr'><strong><em>P,</em></strong></span> <span class='ocrx_word' id='word_1_48' title='bbox 150 1063 345 1142; x_wconf 74' lang='grc' dir='ltr'><strong><em>οτενώσκων</em></strong></span> <span class='ocrx_word' id='word_1_49' title='bbox 366 1064 524 1158; x_wconf 76' lang='grc' dir='ltr'><strong><em>φρονήσει</em></strong></span> <span class='ocrx_word' id='word_1_50' title='bbox 551 1091 587 1133; x_wconf 90' lang='grc' dir='ltr'><strong><em>τε</em></strong></span> <span class='ocrx_word' id='word_1_51' title='bbox 613 1065 811 1151; x_wconf 78' lang='grc' dir='ltr'><strong><em>ὑπερέχοντα</em></strong></span> <span class='ocrx_word' id='word_1_52' title='bbox 838 1063 995 1136; x_wconf 79' lang='grc' dir='ltr'><strong><em>ἁπάντων</em></strong></span> <span class='ocrx_word' id='word_1_53' title='bbox 1022 1074 1089 1136; x_wconf 84' lang='grc' dir='ltr'><strong><em>τῶν</em></strong></span> <span class='ocrx_word' id='word_1_54' title='bbox 1120 1066 1199 1137; x_wconf 90' lang='grc' dir='ltr'><strong><em>τότε</em></strong></span> <span class='ocrx_word' id='word_1_55' title='bbox 1228 1065 1314 1160; x_wconf 58' lang='lat' dir='ltr'><strong><em>ciffi)</em></strong></span> 
     </span>
     <span class='ocr_line' id='line_1_8' title="bbox 210 1163 1313 1256; baseline 0.004 -22"><span class='ocrx_word' id='word_1_56' title='bbox 210 1193 245 1235; x_wconf 93' lang='grc' dir='ltr'><strong><em>τε</em></strong></span> <span class='ocrx_word' id='word_1_57' title='bbox 267 1166 328 1255; x_wconf 76' lang='grc' dir='ltr'><strong><em>τήν</em></strong></span> <span class='ocrx_word' id='word_1_58' title='bbox 349 1164 477 1255; x_wconf 78' lang='grc' dir='ltr'><strong><em>γνώμην</em></strong></span> <span class='ocrx_word' id='word_1_59' title='bbox 499 1168 552 1233; x_wconf 83' lang='grc' dir='ltr'><strong><em>καὶ</em></strong></span> <span class='ocrx_word' id='word_1_60' title='bbox 575 1165 825 1254; x_wconf 87' lang='grc' dir='ltr'><strong><em>ἐπαληθεύοντα</em></strong></span> <span class='ocrx_word' id='word_1_61' title='bbox 847 1163 892 1246; x_wconf 86' lang='grc' dir='ltr'><strong><em>ώς</em></strong></span> <span class='ocrx_word' id='word_1_62' title='bbox 919 1167 1043 1234; x_wconf 82' lang='grc' dir='ltr'><strong><em>ἐπίπαν</em></strong></span> <span class='ocrx_word' id='word_1_63' title='bbox 1067 1166 1102 1236; x_wconf 80' lang='grc' dir='ltr'><strong><em>ἐν</em></strong></span> <span class='ocrx_word' id='word_1_64' title='bbox 1122 1171 1232 1256; x_wconf 81' lang='grc' dir='ltr'><strong><em>λόγοις</em></strong></span> <span class='ocrx_word' id='word_1_65' title='bbox 1258 1173 1313 1238; x_wconf 84' lang='grc' dir='ltr'><strong><em>καὶ</em></strong></span> 
     </span>
     <span class='ocr_line' id='line_1_9' title="bbox 210 1260 1315 1358; baseline 0.005 -23"><span class='ocrx_word' id='word_1_66' title='bbox 210 1268 348 1355; x_wconf 83' lang='grc' dir='ltr'><strong><em>πράξεσι</em></strong></span> <span class='ocrx_word' id='word_1_67' title='bbox 379 1274 496 1336; x_wconf 82' lang='grc' dir='ltr'><strong><em>τούτου</em></strong></span> <span class='ocrx_word' id='word_1_68' title='bbox 523 1260 666 1353; x_wconf 78' lang='grc' dir='ltr'><strong><em>ἀκριβῶς</em></strong></span> <span class='ocrx_word' id='word_1_69' title='bbox 693 1265 909 1353; x_wconf 70' lang='grc' dir='ltr'><strong><em>ἑστιασόμενος</em></strong></span> <span class='ocrx_word' id='word_1_70' title='bbox 930 1263 1074 1358; x_wconf 84' lang='grc' dir='ltr'><strong><em>ἀδελφόν</em></strong></span> <span class='ocrx_word' id='word_1_71' title='bbox 1102 1269 1315 1358; x_wconf 78' lang='grc' dir='ltr'><strong><em>εἰσποιησασ-</em></strong></span> 
     </span>
     <span class='ocr_line' id='line_1_10' title="bbox 209 1364 1314 1462; baseline 0.001 -23"><span class='ocrx_word' id='word_1_72' title='bbox 209 1378 271 1439; x_wconf 91' lang='grc' dir='ltr'><strong><em>θαι</em></strong></span> <span class='ocrx_word' id='word_1_73' title='bbox 310 1364 488 1462; x_wconf 76' lang='grc' dir='ltr'><strong><em>ἠβουλήθη.</em></strong></span> <span class='ocrx_word' id='word_1_74' title='bbox 545 1371 598 1436; x_wconf 88' lang='grc' dir='ltr'><strong><em>καὶ</em></strong></span> <span class='ocrx_word' id='word_1_75' title='bbox 629 1366 669 1456; x_wconf 75' lang='grc' dir='ltr'><strong><em>δη</em></strong></span> <span class='ocrx_word' id='word_1_76' title='bbox 703 1372 757 1436; x_wconf 84' lang='grc' dir='ltr'><strong><em>καὶ</em></strong></span> <span class='ocrx_word' id='word_1_77' title='bbox 791 1367 829 1435; x_wconf 86' lang='grc' dir='ltr'><strong><em>τό</em></strong></span> <span class='ocrx_word' id='word_1_78' title='bbox 861 1369 956 1456; x_wconf 82' lang='grc' dir='ltr'><strong><em>ἔργον</em></strong></span> <span class='ocrx_word' id='word_1_79' title='bbox 987 1372 1156 1439; x_wconf 76' lang='grc' dir='ltr'><strong><em>τετέλεστο</em></strong></span> <span class='ocrx_word' id='word_1_80' title='bbox 1188 1371 1314 1461; x_wconf 79' lang='grc' dir='ltr'><strong><em>ἀμφοῖν</em></strong></span> 
     </span>
     <span class='ocr_line' id='line_1_11' title="bbox 208 1465 1356 1562; baseline 0.001 -24"><span class='ocrx_word' id='word_1_81' title='bbox 208 1469 327 1540; x_wconf 81' lang='grc' dir='ltr'><strong><em>τούτου</em></strong></span> <span class='ocrx_word' id='word_1_82' title='bbox 361 1470 584 1558; x_wconf 86' lang='grc' dir='ltr'><strong><em>συνδάξαντος.</em></strong></span> <span class='ocrx_word' id='word_1_83' title='bbox 636 1465 718 1541; x_wconf 86' lang='grc' dir='ltr'><strong><em>ἀλλά</em></strong></span> <span class='ocrx_word' id='word_1_84' title='bbox 756 1477 857 1539; x_wconf 79' lang='grc' dir='ltr'><strong><em>ταῦτα</em></strong></span> <span class='ocrx_word' id='word_1_85' title='bbox 895 1475 955 1556; x_wconf 84' lang='grc' dir='ltr'><strong><em>μὲν</em></strong></span> <span class='ocrx_word' id='word_1_86' title='bbox 994 1465 1103 1562; x_wconf 81' lang='grc' dir='ltr'><strong><em>άληθῖγ</em></strong></span> <span class='ocrx_word' id='word_1_87' title='bbox 1139 1475 1192 1540; x_wconf 81' lang='grc' dir='ltr'><strong><em>καὶ</em></strong></span> <span class='ocrx_word' id='word_1_88' title='bbox 1224 1471 1314 1558; x_wconf 87' lang='grc' dir='ltr'><strong><em>παρά</em></strong></span> <span class='ocrx_word' id='word_1_89' title='bbox 1325 1489 1356 1539; x_wconf 86' lang='lat'><strong><em>10</em></strong></span> 
     </span>
     <span class='ocr_line' id='line_1_12' title="bbox 211 1571 1315 1662; baseline 0 -22"><span class='ocrx_word' id='word_1_90' title='bbox 211 1571 343 1642; x_wconf 84' lang='grc' dir='ltr'><strong><em>πάντων</em></strong></span> <span class='ocrx_word' id='word_1_91' title='bbox 373 1573 460 1642; x_wconf 82' lang='grc' dir='ltr'><strong><em>ούτω</em></strong></span> <span class='ocrx_word' id='word_1_92' title='bbox 493 1577 694 1662; x_wconf 81' lang='grc' dir='ltr'><strong><em>γινώσκεται,</em></strong></span> <span class='ocrx_word' id='word_1_93' title='bbox 727 1573 745 1641; x_wconf 82' lang='grc' dir='ltr'>ὁ</span> <span class='ocrx_word' id='word_1_94' title='bbox 774 1574 811 1641; x_wconf 88' lang='grc' dir='ltr'><strong><em>δέ</em></strong></span> <span class='ocrx_word' id='word_1_95' title='bbox 841 1599 876 1660; x_wconf 90' lang='grc' dir='ltr'><strong><em>γε</em></strong></span> <span class='ocrx_word' id='word_1_96' title='bbox 911 1571 1126 1659; x_wconf 76' lang='grc' dir='ltr'><strong><em>ψευδώνυμος</em></strong></span> <span class='ocrx_word' id='word_1_97' title='bbox 1155 1579 1315 1642; x_wconf 80' lang='grc' dir='ltr'><strong><em>τοσοῦτον</em></strong></span> 
     </span>
     <span class='ocr_line' id='line_1_13' title="bbox 210 1667 1313 1763; baseline 0 -21"><span class='ocrx_word' id='word_1_98' title='bbox 210 1668 518 1763; x_wconf 87' lang='grc' dir='ltr'><strong><em>ἀπηναισχύντησεν,</em></strong></span> <span class='ocrx_word' id='word_1_99' title='bbox 541 1673 587 1756; x_wconf 88' lang='grc' dir='ltr'><strong><em>ώς</em></strong></span> <span class='ocrx_word' id='word_1_100' title='bbox 609 1677 663 1743; x_wconf 82' lang='grc' dir='ltr'><strong><em>καὶ</em></strong></span> <span class='ocrx_word' id='word_1_101' title='bbox 684 1681 783 1743; x_wconf 87' lang='grc' dir='ltr'><strong><em>θεῖον</em></strong></span> <span class='ocrx_word' id='word_1_102' title='bbox 803 1675 855 1742; x_wconf 82' lang='grc' dir='ltr'><strong><em>ἐπ’</em></strong></span> <span class='ocrx_word' id='word_1_103' title='bbox 886 1667 1044 1762; x_wconf 72' lang='grc' dir='ltr'><strong><em>ἀληθείας</em></strong></span> <span class='ocrx_word' id='word_1_104' title='bbox 1074 1681 1191 1743; x_wconf 84' lang='grc' dir='ltr'><strong><em>τοῦτον</em></strong></span> <span class='ocrx_word' id='word_1_105' title='bbox 1221 1701 1313 1743; x_wconf 86' lang='grc' dir='ltr'><strong><em>κατο-</em></strong></span> 
     </span>
     <span class='ocr_line' id='line_1_14' title="bbox 211 1764 1313 1862; baseline 0.002 -20"><span class='ocrx_word' id='word_1_106' title='bbox 211 1772 370 1861; x_wconf 84' lang='grc' dir='ltr'><strong><em>νομάζειν.</em></strong></span> <span class='ocrx_word' id='word_1_107' title='bbox 415 1773 501 1844; x_wconf 67' lang='lat' dir='ltr'><strong><em>otto</em></strong></span> <span class='ocrx_word' id='word_1_108' title='bbox 524 1778 584 1862; x_wconf 85' lang='grc' dir='ltr'><strong><em>μέν</em></strong></span> <span class='ocrx_word' id='word_1_109' title='bbox 609 1764 667 1844; x_wconf 85' lang='grc' dir='ltr'><strong><em>ούν</em></strong></span> <span class='ocrx_word' id='word_1_110' title='bbox 696 1776 737 1842; x_wconf 84' lang='grc' dir='ltr'><strong><em>τὰ</em></strong></span> <span class='ocrx_word' id='word_1_111' title='bbox 767 1779 825 1842; x_wconf 82' lang='grc' dir='ltr'><strong><em>τοῦ</em></strong></span> <span class='ocrx_word' id='word_1_112' title='bbox 854 1772 1072 1860; x_wconf 74' lang='grc' dir='ltr'><strong><em>ψευδωνύμου</em></strong></span> <span class='ocrx_word' id='word_1_113' title='bbox 1101 1771 1313 1861; x_wconf 83' lang='grc' dir='ltr'><strong><em>τεχνάσματα.</em></strong></span> 
     </span>
     <span class='ocr_line' id='line_1_15' title="bbox 211 1869 1314 1964; baseline -0.002 -20"><span class='ocrx_word' id='word_1_114' title='bbox 211 1872 244 1944; x_wconf 79' lang='grc' dir='ltr'><strong><em>ολ</em></strong></span> <span class='ocrx_word' id='word_1_115' title='bbox 265 1877 301 1944; x_wconf 81' lang='grc' dir='ltr'><strong><em>δὲ</em></strong></span> <span class='ocrx_word' id='word_1_116' title='bbox 324 1874 474 1962; x_wconf 86' lang='grc' dir='ltr'><strong><em>Κόμανοι</em></strong></span> <span class='ocrx_word' id='word_1_117' title='bbox 505 1874 551 1956; x_wconf 86' lang='grc' dir='ltr'><strong><em>ώς</em></strong></span> <span class='ocrx_word' id='word_1_118' title='bbox 582 1879 741 1962; x_wconf 84' lang='grc' dir='ltr'><strong><em>βάρβαροι</em></strong></span> <span class='ocrx_word' id='word_1_119' title='bbox 769 1874 808 1942; x_wconf 80' lang='grc' dir='ltr'><strong><em>τά</em></strong></span> <span class='ocrx_word' id='word_1_120' title='bbox 837 1881 962 1964; x_wconf 82' lang='grc' dir='ltr'><strong><em>κοῦφον</em></strong></span> <span class='ocrx_word' id='word_1_121' title='bbox 989 1876 1043 1942; x_wconf 84' lang='grc' dir='ltr'><strong><em>καὶ</em></strong></span> <span class='ocrx_word' id='word_1_122' title='bbox 1071 1869 1314 1964; x_wconf 84' lang='grc' dir='ltr'><strong><em>εόμετάβλητον</em></strong></span> 
     </span>
     <span class='ocr_line' id='line_1_16' title="bbox 211 1970 1355 2066; baseline 0.002 -24"><span class='ocrx_word' id='word_1_123' title='bbox 211 1973 257 2056; x_wconf 85' lang='grc' dir='ltr'><strong><em>ώς</em></strong></span> <span class='ocrx_word' id='word_1_124' title='bbox 272 1975 412 2066; x_wconf 85' lang='grc' dir='ltr'><strong><em>φυσικόν</em></strong></span> <span class='ocrx_word' id='word_1_125' title='bbox 434 2004 465 2044; x_wconf 90' lang='grc' dir='ltr'><strong><em>τι</em></strong></span> <span class='ocrx_word' id='word_1_126' title='bbox 480 1974 764 2063; x_wconf 71' lang='grc' dir='ltr'><strong><em>παρακολούθημα</em></strong></span> <span class='ocrx_word' id='word_1_127' title='bbox 779 1978 968 2063; x_wconf 86' lang='grc' dir='ltr'><strong><em>κεκτημένοι</em></strong></span> <span class='ocrx_word' id='word_1_128' title='bbox 983 1977 1160 2044; x_wconf 82' lang='grc' dir='ltr'><strong><em>πείθονται</em></strong></span> <span class='ocrx_word' id='word_1_129' title='bbox 1175 1983 1246 2057; x_wconf 82' lang='grc' dir='ltr'><strong><em>τοῖς</em></strong></span> <span class='ocrx_word' id='word_1_130' title='bbox 1258 1970 1355 2044; x_wconf 77' lang='lat' dir='ltr'>oui-lt</span> 
     </span>
     <span class='ocr_line' id='line_1_17' title="bbox 179 2070 1313 2165; baseline 0.001 -22"><span class='ocrx_word' id='word_1_131' title='bbox 179 2083 268 2151; x_wconf 83' lang='grc' dir='ltr'><strong><em>Βτού</em></strong></span> <span class='ocrx_word' id='word_1_132' title='bbox 300 2075 409 2163; x_wconf 88' lang='grc' dir='ltr'><strong><em>λόγοις</em></strong></span> <span class='ocrx_word' id='word_1_133' title='bbox 441 2080 495 2146; x_wconf 81' lang='grc' dir='ltr'><strong><em>καὶ</em></strong></span> <span class='ocrx_word' id='word_1_134' title='bbox 524 2075 760 2162; x_wconf 82' lang='grc' dir='ltr'><strong><em>καταλαβόντες</em></strong></span> <span class='ocrx_word' id='word_1_135' title='bbox 792 2074 851 2165; x_wconf 81' lang='grc' dir='ltr'><strong><em>τὴν</em></strong></span> <span class='ocrx_word' id='word_1_136' title='bbox 874 2070 1147 2159; x_wconf 80' lang='grc' dir='ltr'><strong><em>Ἀδριανούπολιν</em></strong></span> <span class='ocrx_word' id='word_1_137' title='bbox 1184 2077 1313 2161; x_wconf 75' lang='grc' dir='ltr'><strong><em>ἔξωθεν</em></strong></span> 
     </span>
     <span class='ocr_line' id='line_1_18' title="bbox 209 2171 1313 2266; baseline 0.002 -22"><span class='ocrx_word' id='word_1_138' title='bbox 209 2183 269 2266; x_wconf 72' lang='grc' dir='ltr'><strong><em>τῆς</em></strong></span> <span class='ocrx_word' id='word_1_139' title='bbox 292 2175 423 2258; x_wconf 88' lang='grc' dir='ltr'><strong><em>πόλεως</em></strong></span> <span class='ocrx_word' id='word_1_140' title='bbox 449 2176 567 2265; x_wconf 82' lang='grc' dir='ltr'><strong><em>ταύτης</em></strong></span> <span class='ocrx_word' id='word_1_141' title='bbox 600 2171 782 2265; x_wconf 82' lang='grc' dir='ltr'><strong><em>ηύλίσαντο.</em></strong></span> <span class='ocrx_word' id='word_1_142' title='bbox 841 2177 909 2245; x_wconf 84' lang='grc' dir='ltr'><strong><em>ἐκεῖ</em></strong></span> <span class='ocrx_word' id='word_1_143' title='bbox 935 2180 971 2244; x_wconf 82' lang='grc' dir='ltr'><strong><em>δὲ</em></strong></span> <span class='ocrx_word' id='word_1_144' title='bbox 993 2176 1235 2263; x_wconf 86' lang='grc' dir='ltr'><strong><em>τεσσαράκοντα</em></strong></span> <span class='ocrx_word' id='word_1_145' title='bbox 1260 2181 1313 2246; x_wconf 80' lang='grc' dir='ltr'><strong><em>καὶ</em></strong></span> 
     </span>
     <span class='ocr_line' id='line_1_19' title="bbox 176 2275 1314 2367; baseline 0 -23"><span class='ocrx_word' id='word_1_146' title='bbox 176 2323 177 2328; x_wconf 41' lang='lat'>1</span> <span class='ocrx_word' id='word_1_147' title='bbox 210 2275 296 2344; x_wconf 85' lang='grc' dir='ltr'><strong><em>όκτώ</em></strong></span> <span class='ocrx_word' id='word_1_148' title='bbox 320 2275 454 2367; x_wconf 79' lang='grc' dir='ltr'><strong><em>ἡμέραις</em></strong></span> <span class='ocrx_word' id='word_1_149' title='bbox 470 2279 548 2345; x_wconf 90' lang='grc' dir='ltr'><strong><em>καθ’</em></strong></span> <span class='ocrx_word' id='word_1_150' title='bbox 579 2275 715 2364; x_wconf 74' lang='grc' dir='ltr'><strong><em>ἑκάστην</em></strong></span> <span class='ocrx_word' id='word_1_151' title='bbox 747 2279 902 2363; x_wconf 83' lang='grc' dir='ltr'><strong><em>πολέμων</em></strong></span> <span class='ocrx_word' id='word_1_152' title='bbox 928 2279 1215 2364; x_wconf 85' lang='grc' dir='ltr'><strong><em>συγκροτοομένων</em></strong></span> <span class='ocrx_word' id='word_1_153' title='bbox 1247 2280 1314 2358; x_wconf 83' lang='grc' dir='ltr'><strong><em>(καὶ</em></strong></span> 
     </span>
     <span class='ocr_line' id='line_1_20' title="bbox 211 2374 1313 2468; baseline 0 -24"><span class='ocrx_word' id='word_1_154' title='bbox 211 2376 270 2464; x_wconf 88' lang='grc' dir='ltr'><strong><em>γάρ</em></strong></span> <span class='ocrx_word' id='word_1_155' title='bbox 294 2375 326 2446; x_wconf 75' lang='grc' dir='ltr'><strong><em>οἱ</em></strong></span> <span class='ocrx_word' id='word_1_156' title='bbox 348 2375 502 2462; x_wconf 89' lang='grc' dir='ltr'><strong><em>νεώτεροι</em></strong></span> <span class='ocrx_word' id='word_1_157' title='bbox 517 2379 571 2444; x_wconf 83' lang='grc' dir='ltr'><strong><em>καὶ</em></strong></span> <span class='ocrx_word' id='word_1_158' title='bbox 586 2375 672 2462; x_wconf 82' lang='grc' dir='ltr'><strong><em>πρὸς</em></strong></span> <span class='ocrx_word' id='word_1_159' title='bbox 693 2374 841 2464; x_wconf 89' lang='grc' dir='ltr'><strong><em>πόλεμον</em></strong></span> <span class='ocrx_word' id='word_1_160' title='bbox 855 2375 1076 2468; x_wconf 76' lang='grc' dir='ltr'><strong><em>σφαδάζοντος</em></strong></span> <span class='ocrx_word' id='word_1_161' title='bbox 1093 2385 1170 2446; x_wconf 87' lang='grc' dir='ltr'><strong><em>καθ’</em></strong></span> <span class='ocrx_word' id='word_1_162' title='bbox 1191 2376 1313 2468; x_wconf 79' lang='grc' dir='ltr'><strong><em>ἡμέραν</em></strong></span> 
     </span>
     <span class='ocr_line' id='line_1_21' title="bbox 210 2475 1357 2566; baseline 0.002 -20"><span class='ocrx_word' id='word_1_163' title='bbox 210 2475 414 2563; x_wconf 78' lang='grc' dir='ltr'><strong><em>ἐξερχόμενοι</em></strong></span> <span class='ocrx_word' id='word_1_164' title='bbox 438 2480 604 2564; x_wconf 85' lang='grc' dir='ltr'><strong><em>πολέμους</em></strong></span> <span class='ocrx_word' id='word_1_165' title='bbox 624 2476 765 2561; x_wconf 85' lang='grc' dir='ltr'><strong><em>συχνούς</em></strong></span> <span class='ocrx_word' id='word_1_166' title='bbox 790 2477 952 2562; x_wconf 82' lang='grc' dir='ltr'><strong><em>μετὰτῶν</em></strong></span> <span class='ocrx_word' id='word_1_167' title='bbox 972 2476 1146 2566; x_wconf 86' lang='grc' dir='ltr'><strong><em>βαρβάρων</em></strong></span> <span class='ocrx_word' id='word_1_168' title='bbox 1160 2476 1357 2564; x_wconf 72' lang='grc' dir='ltr'><strong><em>συνεκρό-ῐιο</em></strong></span> 
     </span>
     <span class='ocr_line' id='line_1_22' title="bbox 210 2576 1312 2669; baseline 0.002 -24"><span class='ocrx_word' id='word_1_169' title='bbox 210 2584 302 2663; x_wconf 68' lang='lat' dir='ltr'>vove)</span> <span class='ocrx_word' id='word_1_170' title='bbox 343 2576 533 2669; x_wconf 86' lang='grc' dir='ltr'><strong><em>Νικηφόρος</em></strong></span> <span class='ocrx_word' id='word_1_171' title='bbox 569 2577 587 2647; x_wconf 88' lang='grc' dir='ltr'><strong><em>ά</em></strong></span> <span class='ocrx_word' id='word_1_172' title='bbox 629 2578 810 2665; x_wconf 83' lang='grc' dir='ltr'><strong><em>Βρυέννίος,</em></strong></span> <span class='ocrx_word' id='word_1_173' title='bbox 846 2581 922 2647; x_wconf 82' lang='grc' dir='ltr'><strong><em>ἐπεὶ</em></strong></span> <span class='ocrx_word' id='word_1_174' title='bbox 947 2577 1100 2647; x_wconf 87' lang='grc' dir='ltr'><strong><em>κάτωθεν</em></strong></span> <span class='ocrx_word' id='word_1_175' title='bbox 1136 2577 1226 2666; x_wconf 85' lang='grc' dir='ltr'><strong><em>παρά</em></strong></span> <span class='ocrx_word' id='word_1_176' title='bbox 1252 2583 1312 2647; x_wconf 85' lang='grc' dir='ltr'><strong><em>τοῦ</em></strong></span> 
     </span>
     <span class='ocr_line' id='line_1_23' title="bbox 211 2671 1314 2769; baseline -0.002 -23"><span class='ocrx_word' id='word_1_177' title='bbox 211 2677 431 2765; x_wconf 84' lang='grc' dir='ltr'><strong><em>ψευδωνύμου</em></strong></span> <span class='ocrx_word' id='word_1_178' title='bbox 447 2680 600 2768; x_wconf 82' lang='grc' dir='ltr'><strong><em>ἐζητεῖτο,</em></strong></span> <span class='ocrx_word' id='word_1_179' title='bbox 622 2677 793 2767; x_wconf 87' lang='grc' dir='ltr'><strong><em>πυργόθεν</em></strong></span> <span class='ocrx_word' id='word_1_180' title='bbox 817 2677 1008 2766; x_wconf 86' lang='grc' dir='ltr'><strong><em>προκύψας,</em></strong></span> <span class='ocrx_word' id='word_1_181' title='bbox 1031 2675 1093 2748; x_wconf 79' lang='grc' dir='ltr'><strong><em>ὅσα</em></strong></span> <span class='ocrx_word' id='word_1_182' title='bbox 1114 2704 1149 2766; x_wconf 88' lang='grc' dir='ltr'><strong><em>γε</em></strong></span> <span class='ocrx_word' id='word_1_183' title='bbox 1164 2671 1232 2746; x_wconf 82' lang='grc' dir='ltr'><strong><em>ἀπὸ</em></strong></span> <span class='ocrx_word' id='word_1_184' title='bbox 1254 2684 1314 2769; x_wconf 80' lang='grc' dir='ltr'><strong><em>τῆς</em></strong></span> 
     </span>
     <span class='ocr_line' id='line_1_24' title="bbox 211 2772 1313 2870; baseline -0.001 -24"><span class='ocrx_word' id='word_1_185' title='bbox 211 2784 327 2869; x_wconf 80' lang='grc' dir='ltr'><strong><em>φωνῆς</em></strong></span> <span class='ocrx_word' id='word_1_186' title='bbox 347 2785 406 2848; x_wconf 83' lang='grc' dir='ltr'><strong><em>τοῦ</em></strong></span> <span class='ocrx_word' id='word_1_187' title='bbox 438 2773 557 2867; x_wconf 85' lang='grc' dir='ltr'><strong><em>ἀνδρός</em></strong></span> <span class='ocrx_word' id='word_1_188' title='bbox 590 2778 845 2866; x_wconf 86' lang='grc' dir='ltr'><strong><em>τεκμαιρόμενος</em></strong></span> <span class='ocrx_word' id='word_1_189' title='bbox 879 2779 967 2867; x_wconf 84' lang='grc' dir='ltr'><strong><em>ἐλεγε</em></strong></span> <span class='ocrx_word' id='word_1_190' title='bbox 991 2777 1081 2870; x_wconf 39' lang='grc' dir='ltr'><strong><em>’μύχιε</em></strong></span> <span class='ocrx_word' id='word_1_191' title='bbox 1114 2775 1185 2847; x_wconf 70' lang='grc' dir='ltr'><strong><em>υἱὸν</em></strong></span> <span class='ocrx_word' id='word_1_192' title='bbox 1213 2772 1313 2846; x_wconf 82' lang='grc' dir='ltr'><strong><em>αάτδν</em></strong></span> 
     </span>
     <span class='ocr_line' id='line_1_25' title="bbox 311 2927 1308 3003; baseline 0.003 -18"><span class='ocrx_word' id='word_1_193' title='bbox 311 2929 609 3003; x_wconf 71' lang='grc' dir='ltr'><strong><em>1.ούτωΕ,ούτωςΡ.</em></strong></span> <span class='ocrx_word' id='word_1_194' title='bbox 709 2937 734 2988; x_wconf 89' lang='grc'><strong><em>3.</em></strong></span> <span class='ocrx_word' id='word_1_195' title='bbox 753 2935 857 2989; x_wconf 66' lang='lat' dir='ltr'>olom.</span> <span class='ocrx_word' id='word_1_196' title='bbox 877 2935 909 2990; x_wconf 84' lang='lat' dir='ltr'><strong><em>G.</em></strong></span> <span class='ocrx_word' id='word_1_197' title='bbox 994 2935 1019 2988; x_wconf 85' lang='grc'><strong><em>6.</em></strong></span> <span class='ocrx_word' id='word_1_198' title='bbox 1037 2927 1168 2988; x_wconf 71' lang='grc' dir='ltr'><strong><em>ἁπάντων</em></strong></span> <span class='ocrx_word' id='word_1_199' title='bbox 1187 2933 1219 3002; x_wconf 87' lang='lat' dir='ltr'><strong><em>F,</em></strong></span> <span class='ocrx_word' id='word_1_200' title='bbox 1239 2930 1308 2988; x_wconf 83' lang='grc' dir='ltr'><strong><em>πάν-</em></strong></span> 
     </span>
     <span class='ocr_line' id='line_1_26' title="bbox 310 2999 1310 3077; baseline 0.002 -19"><span class='ocrx_word' id='word_1_201' title='bbox 310 3023 364 3060; x_wconf 80' lang='grc' dir='ltr'><strong><em>των</em></strong></span> <span class='ocrx_word' id='word_1_202' title='bbox 373 3005 402 3058; x_wconf 92' lang='lat' dir='ltr'><strong><em>P.</em></strong></span> <span class='ocrx_word' id='word_1_203' title='bbox 475 3007 499 3060; x_wconf 83' lang='grc' dir='ltr'><strong><em>Β.</em></strong></span> <span class='ocrx_word' id='word_1_204' title='bbox 520 2999 632 3075; x_wconf 81' lang='grc' dir='ltr'><strong><em>πράξεσι</em></strong></span> <span class='ocrx_word' id='word_1_205' title='bbox 644 3004 675 3072; x_wconf 76' lang='lat' dir='ltr'><strong><em>F,</em></strong></span> <span class='ocrx_word' id='word_1_206' title='bbox 694 3000 863 3076; x_wconf 78' lang='grc' dir='ltr'><strong><em>πράξεσινΡ.</em></strong></span> <span class='ocrx_word' id='word_1_207' title='bbox 918 2999 1104 3077; x_wconf 70' lang='grc' dir='ltr'><strong><em>ἐπιστάμενον</em></strong></span> <span class='ocrx_word' id='word_1_208' title='bbox 1116 3003 1148 3059; x_wconf 87' lang='lat' dir='ltr'><strong><em>G.</em></strong></span> <span class='ocrx_word' id='word_1_209' title='bbox 1212 3009 1253 3060; x_wconf 81' lang='lat'><strong><em>15.</em></strong></span> <span class='ocrx_word' id='word_1_210' title='bbox 1273 3003 1310 3066; x_wconf 81' lang='grc' dir='ltr'><strong><em>ὠς</em></strong></span> 
     </span>
    </p>
   </div>
   <div class='ocr_carea' id='block_1_3' title="bbox 309 3071 1308 3220">
    <p class='ocr_par' dir='ltr' id='par_1_3' title="bbox 309 3071 1308 3220">
     <span class='ocr_line' id='line_1_27' title="bbox 310 3071 1307 3148; baseline 0.002 -19"><span class='ocrx_word' id='word_1_211' title='bbox 310 3073 429 3148; x_wconf 88' lang='grc' dir='ltr'><strong><em>φυσικόν</em></strong></span> <span class='ocrx_word' id='word_1_212' title='bbox 439 3076 470 3144; x_wconf 85' lang='lat' dir='ltr'><strong><em>G,</em></strong></span> <span class='ocrx_word' id='word_1_213' title='bbox 485 3075 520 3135; x_wconf 81' lang='grc' dir='ltr'><strong><em>ὡς</em></strong></span> <span class='ocrx_word' id='word_1_214' title='bbox 530 3093 584 3131; x_wconf 90' lang='lat' dir='ltr'><strong><em>om.</em></strong></span> <span class='ocrx_word' id='word_1_215' title='bbox 597 3077 626 3132; x_wconf 88' lang='lat' dir='ltr'><strong><em>P.</em></strong></span> <span class='ocrx_word' id='word_1_216' title='bbox 689 3079 729 3132; x_wconf 87' lang='lat'><strong><em>16.</em></strong></span> <span class='ocrx_word' id='word_1_217' title='bbox 748 3072 945 3146; x_wconf 77' lang='grc' dir='ltr'><strong><em>καταλαβόντες</em></strong></span> <span class='ocrx_word' id='word_1_218' title='bbox 957 3077 988 3141; x_wconf 85' lang='lat' dir='ltr'><strong><em>F,</em></strong></span> <span class='ocrx_word' id='word_1_219' title='bbox 1009 3071 1265 3148; x_wconf 77' lang='grc' dir='ltr'><strong><em>καταλαμβάνοντες</em></strong></span> <span class='ocrx_word' id='word_1_220' title='bbox 1276 3078 1307 3140; x_wconf 88' lang='grc' dir='ltr'><strong><em>Ρ,</em></strong></span> 
     </span>
     <span class='ocr_line' id='line_1_28' title="bbox 309 3143 1308 3220; baseline 0.002 -19"><span class='ocrx_word' id='word_1_221' title='bbox 309 3143 551 3220; x_wconf 80' lang='grc' dir='ltr'><strong><em>καταλαμβάνουσι</em></strong></span> <span class='ocrx_word' id='word_1_222' title='bbox 570 3149 601 3203; x_wconf 89' lang='lat' dir='ltr'><strong><em>G.</em></strong></span> <span class='ocrx_word' id='word_1_223' title='bbox 677 3151 717 3204; x_wconf 90' lang='grc'><strong><em>17.</em></strong></span> <span class='ocrx_word' id='word_1_224' title='bbox 738 3150 795 3204; x_wconf 67' lang='grc' dir='ltr'><strong><em>ἐκεῖ,</em></strong></span> <span class='ocrx_word' id='word_1_225' title='bbox 810 3150 923 3219; x_wconf 78' lang='lat' dir='ltr'>eoripei:</span> <span class='ocrx_word' id='word_1_226' title='bbox 941 3149 1004 3204; x_wconf 72' lang='lat' dir='ltr'>luet</span> <span class='ocrx_word' id='word_1_227' title='bbox 1012 3148 1042 3203; x_wconf 87' lang='lat' dir='ltr'><strong><em>P.</em></strong></span> <span class='ocrx_word' id='word_1_228' title='bbox 1078 3149 1110 3204; x_wconf 75' lang='grc' dir='ltr'><strong><em>δέ</em></strong></span> <span class='ocrx_word' id='word_1_229' title='bbox 1129 3149 1185 3214; x_wconf 84' lang='lat' dir='ltr'><strong><em>FG,</em></strong></span> <span class='ocrx_word' id='word_1_230' title='bbox 1206 3167 1262 3204; x_wconf 88' lang='lat' dir='ltr'><strong><em>om.</em></strong></span> <span class='ocrx_word' id='word_1_231' title='bbox 1277 3149 1308 3203; x_wconf 87' lang='lat' dir='ltr'><strong><em>P.</em></strong></span> 
     </span>
    </p>
   </div>
   <div class='ocr_carea' id='block_1_4' title="bbox 210 3296 1314 4157">
    <p class='ocr_par' dir='ltr' id='par_1_4' title="bbox 210 3296 1314 4157">
     <span class='ocr_line' id='line_1_29' title="bbox 210 3296 1312 3368; baseline -0.003 -14"><span class='ocrx_word' id='word_1_232' title='bbox 210 3298 337 3354; x_wconf 78' lang='lat' dir='ltr'><strong>tudinem</strong></span> <span class='ocrx_word' id='word_1_233' title='bbox 355 3297 469 3354; x_wconf 79' lang='lat' dir='ltr'>colebat.</span> <span class='ocrx_word' id='word_1_234' title='bbox 505 3299 574 3353; x_wconf 87' lang='lat' dir='ltr'>urbe</span> <span class='ocrx_word' id='word_1_235' title='bbox 592 3316 656 3353; x_wconf 85' lang='lat' dir='ltr'>vero</span> <span class='ocrx_word' id='word_1_236' title='bbox 686 3299 771 3368; x_wconf 89' lang='lat' dir='ltr'>potiti</span> <span class='ocrx_word' id='word_1_237' title='bbox 788 3298 947 3368; x_wconf 84' lang='lat' dir='ltr'>proximum</span> <span class='ocrx_word' id='word_1_238' title='bbox 972 3296 1008 3350; x_wconf 84' lang='lat' dir='ltr'><strong><em>ed</em></strong></span> <span class='ocrx_word' id='word_1_239' title='bbox 1024 3297 1135 3366; x_wconf 86' lang='lat' dir='ltr'>imperii</span> <span class='ocrx_word' id='word_1_240' title='bbox 1154 3301 1238 3365; x_wconf 75' lang='lat' dir='ltr'>eaput</span> <span class='ocrx_word' id='word_1_241' title='bbox 1256 3297 1312 3351; x_wconf 87' lang='lat' dir='ltr'>iter</span> 
     </span>
     <span class='ocr_line' id='line_1_30' title="bbox 211 3368 1313 3440; baseline -0.002 -16"><span class='ocrx_word' id='word_1_242' title='bbox 211 3369 399 3426; x_wconf 82' lang='lat' dir='ltr'>habebimue”.</span> <span class='ocrx_word' id='word_1_243' title='bbox 435 3388 467 3424; x_wconf 81' lang='lat' dir='ltr'><strong><em>uo</em></strong></span> <span class='ocrx_word' id='word_1_244' title='bbox 484 3375 616 3439; x_wconf 85' lang='lat' dir='ltr'>patruum</span> <span class='ocrx_word' id='word_1_245' title='bbox 646 3371 808 3424; x_wconf 79' lang='lat' dir='ltr'><strong>nominabat</strong></span> <span class='ocrx_word' id='word_1_246' title='bbox 828 3369 998 3440; x_wconf 80' lang='lat' dir='ltr'>Bryeunium</span> <span class='ocrx_word' id='word_1_247' title='bbox 1025 3369 1065 3422; x_wconf 87' lang='lat' dir='ltr'><strong><em>rei</em></strong></span> <span class='ocrx_word' id='word_1_248' title='bbox 1094 3369 1240 3422; x_wconf 72' lang='lat' dir='ltr'>veritatem</span> <span class='ocrx_word' id='word_1_249' title='bbox 1264 3368 1313 3422; x_wconf 84' lang='lat' dir='ltr'>eli·</span> 
     </span>
     <span class='ocr_line' id='line_1_31' title="bbox 211 3439 1311 3512; baseline -0.002 -16"><span class='ocrx_word' id='word_1_250' title='bbox 211 3461 266 3512; x_wconf 84' lang='lat' dir='ltr'><strong><em>que</em></strong></span> <span class='ocrx_word' id='word_1_251' title='bbox 284 3459 349 3495; x_wconf 82' lang='lat' dir='ltr'>eene</span> <span class='ocrx_word' id='word_1_252' title='bbox 376 3446 457 3511; x_wconf 85' lang='lat' dir='ltr'>perte</span> <span class='ocrx_word' id='word_1_253' title='bbox 485 3442 607 3496; x_wconf 78' lang='lat' dir='ltr'>edoctus.</span> <span class='ocrx_word' id='word_1_254' title='bbox 646 3459 765 3511; x_wconf 83' lang='lat' dir='ltr'>nemque</span> <span class='ocrx_word' id='word_1_255' title='bbox 783 3441 922 3495; x_wconf 77' lang='lat' dir='ltr'>Romanus</span> <span class='ocrx_word' id='word_1_256' title='bbox 935 3439 1080 3510; x_wconf 77' lang='lat' dir='ltr'>Diogenes,</span> <span class='ocrx_word' id='word_1_257' title='bbox 1103 3441 1241 3508; x_wconf 80' lang='lat' dir='ltr'>quondum</span> <span class='ocrx_word' id='word_1_258' title='bbox 1261 3440 1311 3494; x_wconf 89' lang='lat' dir='ltr'><strong><em>im·</em></strong></span> 
     </span>
     <span class='ocr_line' id='line_1_32' title="bbox 212 3509 1312 3584; baseline -0.003 -17"><span class='ocrx_word' id='word_1_259' title='bbox 212 3518 333 3584; x_wconf 76' lang='lat' dir='ltr'>perator,</span> <span class='ocrx_word' id='word_1_260' title='bbox 352 3515 400 3582; x_wconf 90' lang='lat' dir='ltr'><strong><em>qui</em></strong></span> <span class='ocrx_word' id='word_1_261' title='bbox 420 3513 588 3582; x_wconf 85' lang='lat' dir='ltr'>Bryennium</span> <span class='ocrx_word' id='word_1_262' title='bbox 607 3524 689 3568; x_wconf 82' lang='lat' dir='ltr'>noret</span> <span class='ocrx_word' id='word_1_263' title='bbox 712 3530 828 3583; x_wconf 86' lang='lat' dir='ltr'>eumque</span> <span class='ocrx_word' id='word_1_264' title='bbox 845 3513 969 3566; x_wconf 89' lang='lat' dir='ltr'>omnium</span> <span class='ocrx_word' id='word_1_265' title='bbox 996 3519 1063 3564; x_wconf 89' lang='lat' dir='ltr'>tune</span> <span class='ocrx_word' id='word_1_266' title='bbox 1085 3509 1226 3565; x_wconf 86' lang='lat' dir='ltr'>hominum</span> <span class='ocrx_word' id='word_1_267' title='bbox 1247 3529 1312 3580; x_wconf 89' lang='lat' dir='ltr'>pru·</span> 
     </span>
     <span class='ocr_line' id='line_1_33' title="bbox 212 3581 1313 3654; baseline -0.004 -14"><span class='ocrx_word' id='word_1_268' title='bbox 212 3586 308 3640; x_wconf 84' lang='lat' dir='ltr'>dentie</span> <span class='ocrx_word' id='word_1_269' title='bbox 335 3586 603 3654; x_wconf 79' lang='lat' dir='ltr'>praestantissimum</span> <span class='ocrx_word' id='word_1_270' title='bbox 632 3585 805 3654; x_wconf 78' lang='lat' dir='ltr'>maximeque</span> <span class='ocrx_word' id='word_1_271' title='bbox 835 3587 971 3639; x_wconf 73' lang='lat' dir='ltr'>sincerum</span> <span class='ocrx_word' id='word_1_272' title='bbox 1006 3600 1038 3637; x_wconf 82' lang='lat' dir='ltr'><strong><em>ae</em></strong></span> <span class='ocrx_word' id='word_1_273' title='bbox 1067 3581 1149 3636; x_wconf 81' lang='lat' dir='ltr'>dietis</span> <span class='ocrx_word' id='word_1_274' title='bbox 1178 3583 1313 3652; x_wconf 70' lang='lat' dir='ltr'>sectisque</span> 
     </span>
     <span class='ocr_line' id='line_1_34' title="bbox 211 3653 1312 3724; baseline -0.004 -12"><span class='ocrx_word' id='word_1_275' title='bbox 211 3657 415 3712; x_wconf 75' lang='lat' dir='ltr'>veracissimum</span> <span class='ocrx_word' id='word_1_276' title='bbox 435 3673 492 3710; x_wconf 76' lang='lat' dir='ltr'>esee</span> <span class='ocrx_word' id='word_1_277' title='bbox 513 3657 624 3724; x_wconf 74' lang='lat' dir='ltr'>sciebat,</span> <span class='ocrx_word' id='word_1_278' title='bbox 643 3656 759 3710; x_wconf 78' lang='lat' dir='ltr'>fratrem</span> <span class='ocrx_word' id='word_1_279' title='bbox 778 3673 841 3710; x_wconf 89' lang='lat' dir='ltr'><strong><em>eum</em></strong></span> <span class='ocrx_word' id='word_1_280' title='bbox 869 3655 1003 3724; x_wconf 77' lang='lat' dir='ltr'>adoptare</span> <span class='ocrx_word' id='word_1_281' title='bbox 1020 3653 1123 3722; x_wconf 85' lang='lat' dir='ltr'>voluit;</span> <span class='ocrx_word' id='word_1_282' title='bbox 1151 3654 1235 3723; x_wconf 87' lang='lat' dir='ltr'>idque</span> <span class='ocrx_word' id='word_1_283' title='bbox 1263 3653 1312 3708; x_wconf 91' lang='lat' dir='ltr'>illo</span> 
     </span>
     <span class='ocr_line' id='line_1_35' title="bbox 211 3727 1312 3797; baseline -0.005 -13"><span class='ocrx_word' id='word_1_284' title='bbox 211 3729 400 3784; x_wconf 77' lang='lat' dir='ltr'>consentiente</span> <span class='ocrx_word' id='word_1_285' title='bbox 427 3727 531 3782; x_wconf 83' lang='lat' dir='ltr'>lectum</span> <span class='ocrx_word' id='word_1_286' title='bbox 559 3733 608 3782; x_wconf 84' lang='lat' dir='ltr'>ost.</span> <span class='ocrx_word' id='word_1_287' title='bbox 654 3746 724 3797; x_wconf 84' lang='lat' dir='ltr'>quoe</span> <span class='ocrx_word' id='word_1_288' title='bbox 753 3745 797 3782; x_wconf 85' lang='lat' dir='ltr'><strong><em>ree</em></strong></span> <span class='ocrx_word' id='word_1_289' title='bbox 827 3731 855 3780; x_wconf 89' lang='lat' dir='ltr'><strong><em>et</em></strong></span> <span class='ocrx_word' id='word_1_290' title='bbox 881 3744 948 3781; x_wconf 81' lang='lat' dir='ltr'>vere</span> <span class='ocrx_word' id='word_1_291' title='bbox 975 3731 1004 3780; x_wconf 89' lang='lat' dir='ltr'><strong><em>et</em></strong></span> <span class='ocrx_word' id='word_1_292' title='bbox 1029 3730 1096 3780; x_wconf 86' lang='lat' dir='ltr'>note</span> <span class='ocrx_word' id='word_1_293' title='bbox 1113 3727 1244 3780; x_wconf 73' lang='lat' dir='ltr'>omnibus</span> <span class='ocrx_word' id='word_1_294' title='bbox 1262 3732 1312 3781; x_wconf 82' lang='lat' dir='ltr'>eet.</span> 
     </span>
     <span class='ocr_line' id='line_1_36' title="bbox 211 3798 1312 3870; baseline -0.004 -16"><span class='ocrx_word' id='word_1_295' title='bbox 211 3802 264 3854; x_wconf 83' lang='lat' dir='ltr'>ieto</span> <span class='ocrx_word' id='word_1_296' title='bbox 295 3800 382 3870; x_wconf 85' lang='lat' dir='ltr'>igitur</span> <span class='ocrx_word' id='word_1_297' title='bbox 414 3799 617 3870; x_wconf 70' lang='lat' dir='ltr'>pseudonymus</span> <span class='ocrx_word' id='word_1_298' title='bbox 650 3807 705 3854; x_wconf 87' lang='lat' dir='ltr'><strong><em>tem</em></strong></span> <span class='ocrx_word' id='word_1_299' title='bbox 740 3798 981 3868; x_wconf 70' lang='lat' dir='ltr'>impudentem,</span> <span class='ocrx_word' id='word_1_300' title='bbox 1010 3803 1042 3850; x_wconf 84' lang='lat' dir='ltr'><strong><em>ut</em></strong></span> <span class='ocrx_word' id='word_1_301' title='bbox 1069 3798 1153 3851; x_wconf 84' lang='lat' dir='ltr'>etiem</span> <span class='ocrx_word' id='word_1_302' title='bbox 1181 3802 1312 3868; x_wconf 82' lang='lat' dir='ltr'>patruum</span> 
     </span>
     <span class='ocr_line' id='line_1_37' title="bbox 211 3869 1313 3936; baseline -0.004 -10"><span class='ocrx_word' id='word_1_303' title='bbox 211 3889 307 3926; x_wconf 80' lang='lat' dir='ltr'>revere</span> <span class='ocrx_word' id='word_1_304' title='bbox 331 3871 408 3926; x_wconf 89' lang='lat' dir='ltr'>illum</span> <span class='ocrx_word' id='word_1_305' title='bbox 428 3877 547 3926; x_wconf 80' lang='lat' dir='ltr'>vocaret.</span> <span class='ocrx_word' id='word_1_306' title='bbox 567 3871 668 3936; x_wconf 79' lang='lat' dir='ltr'>talibus</span> <span class='ocrx_word' id='word_1_307' title='bbox 688 3871 793 3928; x_wconf 80' lang='lat' dir='ltr'>soilioet</span> <span class='ocrx_word' id='word_1_308' title='bbox 822 3869 954 3924; x_wconf 79' lang='lat' dir='ltr'>utebatur</span> <span class='ocrx_word' id='word_1_309' title='bbox 984 3869 1099 3922; x_wconf 78' lang='lat' dir='ltr'>artibus.</span> <span class='ocrx_word' id='word_1_310' title='bbox 1148 3887 1245 3924; x_wconf 83' lang='lat' dir='ltr'>verum</span> <span class='ocrx_word' id='word_1_311' title='bbox 1265 3869 1313 3922; x_wconf 85' lang='lat' dir='ltr'><strong><em>Co·</em></strong></span> 
     </span>
     <span class='ocr_line' id='line_1_38' title="bbox 210 3940 1314 4012; baseline -0.003 -14"><span class='ocrx_word' id='word_1_312' title='bbox 210 3945 294 4012; x_wconf 85' lang='lat' dir='ltr'>meni,</span> <span class='ocrx_word' id='word_1_313' title='bbox 313 3942 368 3997; x_wconf 86' lang='lat' dir='ltr'>levi</span> <span class='ocrx_word' id='word_1_314' title='bbox 397 3942 578 4012; x_wconf 75' lang='lat' dir='ltr'>mutabilique</span> <span class='ocrx_word' id='word_1_315' title='bbox 607 3949 639 3996; x_wconf 88' lang='lat' dir='ltr'><strong><em>ut</em></strong></span> <span class='ocrx_word' id='word_1_316' title='bbox 668 3942 780 3998; x_wconf 82' lang='lat' dir='ltr'>barbari</span> <span class='ocrx_word' id='word_1_317' title='bbox 809 3943 919 4012; x_wconf 82' lang='lat' dir='ltr'>ingenio</span> <span class='ocrx_word' id='word_1_318' title='bbox 948 3940 1078 4011; x_wconf 81' lang='lat' dir='ltr'>praediti,</span> <span class='ocrx_word' id='word_1_319' title='bbox 1106 3940 1165 3994; x_wconf 83' lang='lat' dir='ltr'>eiue</span> <span class='ocrx_word' id='word_1_320' title='bbox 1193 3943 1314 3996; x_wconf 77' lang='lat' dir='ltr'>sermoni</span> 
     </span>
     <span class='ocr_line' id='line_1_39' title="bbox 210 4012 1312 4084; baseline 0.001 -15"><span class='ocrx_word' id='word_1_321' title='bbox 210 4015 401 4084; x_wconf 73' lang='lat' dir='ltr'>obsequuntur</span> <span class='ocrx_word' id='word_1_322' title='bbox 434 4019 462 4068; x_wconf 90' lang='lat' dir='ltr'><strong><em>et</em></strong></span> <span class='ocrx_word' id='word_1_323' title='bbox 480 4013 681 4084; x_wconf 81' lang='lat' dir='ltr'>Adrienopolin</span> <span class='ocrx_word' id='word_1_324' title='bbox 706 4013 823 4084; x_wconf 80' lang='lat' dir='ltr'>proiecti</span> <span class='ocrx_word' id='word_1_325' title='bbox 858 4019 938 4066; x_wconf 80' lang='lat' dir='ltr'>extre</span> <span class='ocrx_word' id='word_1_326' title='bbox 970 4012 1067 4066; x_wconf 86' lang='lat' dir='ltr'>urbem</span> <span class='ocrx_word' id='word_1_327' title='bbox 1091 4018 1182 4066; x_wconf 78' lang='lat' dir='ltr'>eostre</span> <span class='ocrx_word' id='word_1_328' title='bbox 1204 4013 1312 4082; x_wconf 76' lang='lat' dir='ltr'>loeent5</span> 
     </span>
     <span class='ocr_line' id='line_1_40' title="bbox 211 4082 1311 4157; baseline 0.001 -17"><span class='ocrx_word' id='word_1_329' title='bbox 211 4090 420 4157; x_wconf 78' lang='lat' dir='ltr'>pugnatumque</span> <span class='ocrx_word' id='word_1_330' title='bbox 438 4090 480 4139; x_wconf 83' lang='lat' dir='ltr'><strong><em>eet</em></strong></span> <span class='ocrx_word' id='word_1_331' title='bbox 499 4085 538 4139; x_wconf 90' lang='lat' dir='ltr'><strong><em>ibi</em></strong></span> <span class='ocrx_word' id='word_1_332' title='bbox 556 4102 606 4154; x_wconf 90' lang='lat' dir='ltr'><strong><em>per</em></strong></span> <span class='ocrx_word' id='word_1_333' title='bbox 629 4090 692 4140; x_wconf 88' lang='lat' dir='ltr'>ooto</span> <span class='ocrx_word' id='word_1_334' title='bbox 721 4091 749 4139; x_wconf 89' lang='lat' dir='ltr'><strong><em>et</em></strong></span> <span class='ocrx_word' id='word_1_335' title='bbox 778 4083 964 4156; x_wconf 76' lang='lat' dir='ltr'>quadraginta</span> <span class='ocrx_word' id='word_1_336' title='bbox 990 4082 1056 4150; x_wconf 83' lang='lat' dir='ltr'>dies,</span> <span class='ocrx_word' id='word_1_337' title='bbox 1092 4101 1155 4137; x_wconf 88' lang='lat' dir='ltr'><strong><em>eum</em></strong></span> <span class='ocrx_word' id='word_1_338' title='bbox 1182 4085 1311 4142; x_wconf 78' lang='lat' dir='ltr'>iuventus</span> 
     </span>
    </p>
   </div>
   <div class='ocr_carea' id='block_1_5' title="bbox 210 4156 1312 4372">
    <p class='ocr_par' dir='ltr' id='par_1_5' title="bbox 210 4156 1312 4372">
     <span class='ocr_line' id='line_1_41' title="bbox 210 4156 1311 4228; baseline 0.001 -16"><span class='ocrx_word' id='word_1_339' title='bbox 210 4175 247 4228; x_wconf 92' lang='lat' dir='ltr'><strong><em>pu</em></strong></span> <span class='ocrx_word' id='word_1_340' title='bbox 289 4158 415 4212; x_wconf 74' lang='lat' dir='ltr'>unissime</span> <span class='ocrx_word' id='word_1_341' title='bbox 436 4156 537 4212; x_wconf 86' lang='lat' dir='ltr'>cotidie</span> <span class='ocrx_word' id='word_1_342' title='bbox 558 4163 716 4225; x_wconf 85' lang='lat' dir='ltr'>erumperet</span> <span class='ocrx_word' id='word_1_343' title='bbox 735 4173 898 4226; x_wconf 79' lang='lat' dir='ltr'>manumque</span> <span class='ocrx_word' id='word_1_344' title='bbox 918 4173 982 4210; x_wconf 83' lang='lat' dir='ltr'><strong><em>eum</em></strong></span> <span class='ocrx_word' id='word_1_345' title='bbox 996 4156 1123 4209; x_wconf 81' lang='lat' dir='ltr'>barbarie</span> <span class='ocrx_word' id='word_1_346' title='bbox 1146 4165 1311 4213; x_wconf 83' lang='lat' dir='ltr'>oonsereret</span> 
     </span>
     <span class='ocr_line' id='line_1_42' title="bbox 210 4226 1312 4298; baseline 0.001 -15"><span class='ocrx_word' id='word_1_347' title='bbox 210 4235 240 4283; x_wconf 78' lang='lat' dir='ltr'><strong><em>et</em></strong></span> <span class='ocrx_word' id='word_1_348' title='bbox 285 4229 431 4298; x_wconf 78' lang='lat' dir='ltr'>ioephoiue</span> <span class='ocrx_word' id='word_1_349' title='bbox 448 4229 611 4297; x_wconf 85' lang='lat' dir='ltr'>Bryenniue‚</span> <span class='ocrx_word' id='word_1_350' title='bbox 631 4229 680 4282; x_wconf 91' lang='lat' dir='ltr'><strong><em>ubi</em></strong></span> <span class='ocrx_word' id='word_1_351' title='bbox 697 4245 712 4283; x_wconf 93' lang='lat' dir='ltr'>e</span> <span class='ocrx_word' id='word_1_352' title='bbox 730 4227 790 4283; x_wconf 84' lang='lat' dir='ltr'>loco</span> <span class='ocrx_word' id='word_1_353' title='bbox 808 4227 940 4282; x_wconf 79' lang='lat' dir='ltr'>inferiore</span> <span class='ocrx_word' id='word_1_354' title='bbox 958 4226 1175 4296; x_wconf 82' lang='lat' dir='ltr'>epeeudonymo</span> <span class='ocrx_word' id='word_1_355' title='bbox 1199 4236 1312 4284; x_wconf 79' lang='lat' dir='ltr'>voeutue</span> 
     </span>
     <span class='ocr_line' id='line_1_43' title="bbox 210 4297 1312 4372; baseline 0.002 -18"><span class='ocrx_word' id='word_1_356' title='bbox 210 4319 225 4354; x_wconf 89' lang='lat' dir='ltr'>e</span> <span class='ocrx_word' id='word_1_357' title='bbox 245 4305 323 4354; x_wconf 86' lang='lat' dir='ltr'>turre</span> <span class='ocrx_word' id='word_1_358' title='bbox 344 4301 495 4368; x_wconf 81' lang='lat' dir='ltr'>prospexit,</span> <span class='ocrx_word' id='word_1_359' title='bbox 519 4298 610 4368; x_wconf 83' lang='lat' dir='ltr'>quoad</span> <span class='ocrx_word' id='word_1_360' title='bbox 632 4317 666 4354; x_wconf 85' lang='lat' dir='ltr'><strong><em>ex</em></strong></span> <span class='ocrx_word' id='word_1_361' title='bbox 690 4299 811 4355; x_wconf 80' lang='lat' dir='ltr'>hominis</span> <span class='ocrx_word' id='word_1_362' title='bbox 833 4316 900 4372; x_wconf 87' lang='lat' dir='ltr'>voee</span> <span class='ocrx_word' id='word_1_363' title='bbox 924 4297 1044 4366; x_wconf 83' lang='lat' dir='ltr'>collegit,</span> <span class='ocrx_word' id='word_1_364' title='bbox 1070 4303 1153 4368; x_wconf 82' lang='lat' dir='ltr'>negat</span> <span class='ocrx_word' id='word_1_365' title='bbox 1181 4317 1208 4354; x_wconf 81' lang='lat' dir='ltr'><strong><em>ee</em></strong></span> <span class='ocrx_word' id='word_1_366' title='bbox 1233 4300 1312 4356; x_wconf 88' lang='lat' dir='ltr'>illum</span> 
     </span>
    </p>
   </div>
   <div class='ocr_carea' id='block_1_6' title="bbox 0 0 1389 4756">
    <p class='ocr_par' dir='ltr' id='par_1_6' title="bbox 0 0 1389 4756">
     <span class='ocr_line' id='line_1_44' title="bbox 0 0 1389 4756; baseline 0 0"><span class='ocrx_word' id='word_1_367' title='bbox 0 0 1389 4756; x_wconf 95' lang='lat' dir='ltr'><strong><em> </em></strong></span> 
     </span>
    </p>
   </div>
  </div>
 </body>
</html>
