2760 4756
430 427 622 480 ALEXIADIS
644 429 713 478 LIB.
737 427 771 476 X.
793 418 822 475 4.
1133 411 1170 470 17

75 596 331 685 κληρωσάμενος
354 600 389 666 ἐκ
418 594 650 685 γενναιοτάτων
677 590 803 682 άνδρῶν
833 590 1054 682 γενναιότερος
1091 599 1171 673 παῖς

39 777 43 784 ,
77 703 250 788 γεννηθείς.
297 701 335 784 ἐξ
358 697 503 786 ὑπογύου
526 701 562 768 δὲ
591 704 651 766 τοῦ
678 693 823 766 θανάτου
847 698 990 785 ῥυοθείς,
1018 695 1171 780 ἀναζέσας

77 804 118 886 τῷ
142 805 245 888 θυμῷ
268 797 352 866 κατὰ
375 804 434 866 τοῦ
459 800 729 885 Ψευδοδιογένονς
750 793 892 885 ἐχώρησε
914 798 1062 884 πέραθεν
1083 792 1173 880 παρὰ

78 905 119 986 τη]
142 902 243 982 χείλει
268 904 333 966 τοῦ
356 905 506 985 ποταμοῦ
529 903 584 967 καὶ
604 895 703 968 αύτοῦ
734 896 915 984 ίσταμένου,
946 895 1034 966 ὅπου
1058 893 1076 965 δ
1099 903 1172 963 Μα-

60 999 184 1084 ύριανὸς
198 999 284 1084 μετὰ
304 1005 371 1068 τῶν
384 997 557 1085 βαρβάρων
572 997 718 1085 ἐμάχετο,
739 999 793 1065 καὶ
808 994 1014 1083 θεασάμενος
1035 998 1172 1082 ἐρυθρο-

81 1106 248 1188 φορούντα
270 1103 325 1166 καὶ
354 1103 538 1182 βασιλικῶς
559 1101 753 1185 ἐσταλμένον
785 1101 838 1166 καὶ
863 1099 940 1180 τούς
968 1100 1045 1183 περὶ
1076 1091 1175 1164 αύτδν

82 1203 327 1288 σκεδασθέντας,
349 1197 514 1282 άνατείνας
535 1205 706 1289 τηνικαῦτα
733 1199 792 1288 τὴν
817 1198 955 1286 μάστιγα
983 1197 1079 1268 ἔπαιε
1099 1204 1175 1267 τοῦ·

82 1327 134 1368 τον
154 1303 237 1368 κατά
258 1303 403 1390 κεφαλῆς
424 1296 568 1392 άφειδῶς
591 1298 807 1388 ψευδώνυμον
832 1296 1009 1368 ἀποκαλῶν
1034 1301 1172 1385 βασιλέα.

157 1411 186 1469 4.
228 1399 263 1471 ‘0
283 1403 320 1472 δὲ
340 1403 491 1486 βασιλεύς
510 1405 568 1494 τήν
590 1406 667 1487 περὶ
690 1401 748 1494 τὴν
766 1399 1036 1488 ’Λδριανούπολιν
1062 1427 1173 1487 καρτε-

54 1505 150 1587 lupius
171 1508 240 1569 τῶν
262 1499 426 1587 Κομάνων
444 1501 621 1588 μανθάνων
642 1506 695 1570 καὶ
719 1501 796 1584 τούς
822 1501 958 1587 συχνούς
984 1505 1088 1571 ἐκεῖσε
1112 1519 1206 1572 πο-Ι)

87 1605 196 1688 λίμους
230 1603 305 1671 δέον
338 1603 443 1690 ἔκρινε
475 1607 529 1671 καὶ
560 1600 658 1684 αύτός
687 1606 723 1689 ἐξ
750 1602 920 1691 Ἀγχιάλου
950 1611 1043 1672 κεῖθι
1072 1630 1174 1688 παρα-

87 1708 242 1788 γενέσθαι.
275 1702 576 1790 μιταπεμψάμενος
597 1693 654 1772 ούν
664 1703 741 1786 τούς
755 1706 921 1789 ἐκκρίτους
933 1709 999 1772 τῶν
1011 1701 1177 1792 ἡγεμόνων

90 1807 134 1870 καὶ
154 1806 354 1889 προέχοντας
371 1810 430 1872 τοῦ
452 1807 531 1872 λαοῦ
545 1805 744 1890 ἐβουλεύετο,
759 1807 792 1871 τί
814 1802 852 1870 δν
867 1801 1044 1898 ποιήσειεν.
1076 1801 1175 1871 εἰσελ-

92 1906 155 1972 θών
175 1907 211 1973 δέ
233 1932 283 1985 τις
302 1899 590 1994 άνήρἌλακαοεύς
614 1900 853 1991 ὀνομαζόμενος
876 1903 940 1995 ἔφη
962 1903 1001 1971 “ό
1020 1900 1100 1989 ἐμάς
1114 1929 1176 1970 πα-

63 2007 144 2092 ῐῦτήρ
163 2006 306 2095 συνήθης
327 2004 431 2074 πάλαι
450 2011 497 2095 τῷ
522 2011 581 2074 τοῦ
604 2005 820 2092 ψευδωνύμου
847 2008 947 2090 πατρί
978 2003 1089 2088 ἔτυχεν
1121 1996 1175 2073 ῶν.

98 2102 182 2192 ἔγωγε
199 2110 308 2174 τοίνυν
330 2099 490 2175 άπελθῶν
511 2108 565 2174 καὶ
586 2106 634 2187 είς
660 2105 696 2176 ἓν
715 2112 782 2174 τῶν
802 2108 978 2190 πολιχνίων
999 2101 1177 2191 εἰσαγαγῶν

99 2198 182 2274 αύτδν
201 2204 347 2290 κατάσχω
360 2210 389 2288 ,·'’
437 2207 580 2295 ἐζητεῖτο
601 2213 689 2294 Ιγοῦν
720 2204 931 2296 τηνικαῦταό
963 2205 1088 2290 τρόπος
1120 2210 1177 2292 τῆς
1213 2256 1217 2264 ,

102 2311 149 2372 τού
175 2306 323 2376 τοιούτου
358 2306 454 2394 ἔργον
484 2311 743 2393 μεταχειρίσεως.
795 2305 871 2375 όδὲ
898 2304 955 2375 τόν
983 2308 1040 2374 ἐπὶ
1063 2302 1175 2391 Κύρου
1184 2317 1216 2370 V.
1235 2319 1288 2372 220

106 2403 248 2493 Ζώπυρον
274 2406 498 2496 μιμησάμενος
525 2407 735 2477 τδντδκείνου
763 2405 890 2492 τρόπον
917 2405 1064 2475 ύπέθετο
1094 2409 1215 2492 πρόςΡ.
1235 2423 1286 2488 278

72 2503 153 2571 acria
170 2503 404 2595 αύτοκράτορα·
431 2503 630 2578 ἀἰκίσασθαι
651 2507 709 2596 γάρ
738 2507 853 2577 ἑαυτὸν
880 2509 1088 2596 ἐπηγγείλατο
1124 2509 1178 2574 καὶ

108 2599 155 2668 τόν
172 2606 305 2694 πώγωνα
326 2611 380 2675 καί
401 2609 458 2690 τάς
471 2611 582 2694 τρίχας
602 2610 777 2694 άποκερεῖν
797 2610 849 2675 καὶ
864 2606 912 2688 εἰς
927 2608 1050 2676 ἐκεῖνον
1064 2611 1177 2698 φοιτῆ-

111 2725 154 2770 σαι
172 2704 209 2787 ῶς
236 2713 339 2800 δῆθεν
368 2715 469 2776 ταῦτα
498 2706 588 2794 παρά
622 2713 680 2777 τού
711 2704 951 2795 αύτοκράτορος
982 2705 1176 2788 πεπονθώς.

190 2847 211 2897 2.
228 2842 348 2915 ὑπογύου
366 2847 396 2914 F,
415 2843 548 2916 ύπογυίου
565 2846 595 2900 P.
767 2849 791 2899 8.
809 2838 931 2916 ἐχώρησε
943 2845 980 2911 1⁴⁸,
997 2840 1136 2916 ἐχώρησεν
1145 2844 1175 2897 P.

191 2920 212 2969 4.
234 2917 270 2986 τῷ
294 2920 380 2988 χείλει
401 2917 432 2984 F,
462 2915 493 2972 τὸ
516 2921 608 2989 χεῖλος
636 2917 666 2971 Ρ.
814 2935 815 2938 ’
854 2919 878 2970 8.
905 2912 1026 2987 ἀφειδῶς
1050 2933 1104 2970 om.
1123 2915 1176 2968 OG.

192 2986 212 3041 a.
229 2987 360 3058 καρτερὰν
377 2988 408 3042 G,
490 2988 773 3058 15.1ptsdd.,prime
791 3004 887 3042 manus
905 2989 934 3041 in
953 2989 985 3042 F.
1077 2988 1118 3040 17.
1137 2987 1177 3040 in·

192 3061 382 3130 arrogatione
400 3061 509 3130 signum
527 3061 615 3130 posui.
717 3061 757 3114 18.
776 3065 985 3130 μεταχειρίσεως
1003 3060 1035 3126 F,
1052 3075 1177 3146 μεταγει-

191 3125 285 3196 ρόαεως
298 3131 331 3257 g.
412 3134 455 3186 20.
474 3133 653 3202 ἐπηγγείλατο
671 3130 725 3200 Fe,
743 3127 927 3200 εἰσηγγείλατε
945 3130 976 3185 Ρ.
1020 3173 1025 3184 .
1047 3133 1090 3183 21.
1109 3149 1178 3183 απο-

192 3209 282 3273 νειρεῖν
325 3245 331 3256 .

112 3311 210 3392 ¹virorum
226 3321 326 3376 fortior
344 3324 443 3391 proles.
480 3323 503 3376 is
528 3325 615 3394 igitur
643 3340 658 3377 e
684 3321 822 3394 praesenti
852 3321 974 3391 periculo
1003 3328 1126 3376 servatus
1150 3327 1178 3376 et

113 3400 148 3466 lfa
168 3388 262 3447 fervens
280 3393 531 3463 Pseudodiogeuem
549 3396 635 3463 petit;
663 3407 743 3464 quem
771 3411 832 3447 cum
852 3399 970 3448 stantem
993 3393 1022 3448 in
1046 3393 1178 3448 ulteriore

113 3471 162 3524 ripa
175 3459 293 3532 fluminis,
312 3467 361 3519 ubi
379 3465 520 3519 Marianus
537 3483 600 3520 cum
618 3465 744 3519 Comanis
763 3471 925 3533 certaverat,
945 3482 1025 3519 cocco
1046 3467 1177 3536 regioque

112 3539 192 3585 ornatu
212 3537 337 3590 indutum
358 3538 468 3605 eiusque
486 3537 600 3592 comites
626 3537 763 3607 dispersos
791 3537 906 3605 videret,
933 3536 1035 3605 flagelli
1063 3537 1177 3590 verbere

112 3609 178 3666 caput
188 3607 238 3660 cius
253 3608 434 3662 inclementer
447 3610 581 3676 percussit
597 3607 695 3662 falsum
718 3609 807 3677 ipsum
826 3607 965 3678 appellans
978 3609 1140 3677 principem.

167 3677 188 3729 ί.
218 3679 338 3732 Tandem
360 3681 512 3748 imperator
543 3679 724 3734 Cumanorum
750 3679 785 3732 ad
805 3679 1006 3748 Adrianopolin
1024 3679 1178 3746 pertinacia

113 3743 325 3816 assequentibus
343 3752 383 3804 ibi
396 3752 494 3820 pugnis
512 3751 629 3822 cognitis
647 3749 802 3805 iaciendum
821 3753 874 3805 sibi
892 3751 1010 3820 putavit,
1023 3754 1056 3803 ut
1070 3767 1100 3803 ec
1119 3752 1177 3818 ipse

114 3811 221 3874 Anchiale
236 3821 464 3891 proficisceretur.
485 3823 625 3876 arcessivit
643 3839 709 3893 ergo
728 3823 866 3892 principes
885 3823 985 3875 ducum
1003 3820 1179 3890 civitatisque

112 3899 213 3950 proceres
229 3909 327 3962 eosque
346 3893 414 3962 quid
433 3893 588 3946 iaciendum
600 3894 824 3948 essetconsuluit.
858 3899 925 3946 tunc
937 3893 1049 3962 quidam
1067 3894 1178 3946 nomine

111 3954 231 4038 Αλοτεεεαε
252 3965 383 4018 accedens
410 3965 526 4018 “Pater’'
554 3965 645 4034 inquit-
680 3967 773 4018 “meus
796 3965 878 4018 huius
901 3963 1081 4033 pseudonymi
1103 3965 1179 4033 patri

111 4024 163 4082 chn
178 4033 313 4089 familiaris
332 4036 401 4102 fnit;
420 4053 513 4105 quare,
531 4037 554 4090 si
572 4036 671 4106 placet,
689 4053 749 4089 eum
769 4035 852 4090 adibo
869 4035 1071 4104 deductumque
1090 4037 1119 4088 iu
1130 4035 1177 4089 ali·

111 4113 174 4164 quern
185 4123 268 4160 arcem
278 4107 533 4175 comprehendam’i
552 4108 694 4177 quaeritur
712 4107 819 4174 deinde,
839 4123 966 4176 quonum¹
976 4105 1005 4160 id
1018 4108 1100 4161 modo
1119 4105 1179 4160 fieri

111 4180 189 4235 possa
217 4180 279 4232 atis
292 4179 431 4248 Zopyrum
442 4179 505 4248 Cyri
518 4179 658 4248 aequalem
670 4179 797 4232 imitatus
815 4180 961 4246 rationem,
979 4189 1033 4248 'qua
1050 4178 1097 4233 ille
1115 4195 1179 4231 usus

111 4248 326 4318 emtimperatori
346 4253 498 4320 proposuit.
523 4267 586 4302 narn
605 4267 632 4303 sc
651 4250 741 4319 ipsum
759 4249 977 4303 deformaturum
997 4267 1053 4304 csse
1070 4251 1179 4319 pollice·

111 4311 213 4374 bitures
229 4323 315 4376 barba
334 4321 453 4390 pilisque
480 4322 556 4389 rasis,
583 4327 724 4390 tamquam
752 4321 820 4376 haec
838 4321 873 4375 ab
891 4322 1059 4391 imperatore
1086 4336 1181 4390 passus

152 4425 226 4482 Δανα
242 4427 387 4484 Οοιοιιωια
426 4429 466 4488 ΙΙ.
972 4431 990 4486 2
1040 4463 1041 4468 ,
