2716 4770
203 424 243 490 ⁷8
579 445 701 499 annau
721 443 918 500 conanum
947 423 948 426 ‘
1037 443 1042 455 ·

204 617 313 702 δρᾶμα
334 621 391 706 τῆς
411 617 601 701 προδοσίας.
644 609 820 704 τίπόρρητα
847 612 906 702 γάρ
936 623 1008 696 ταῖς
1029 617 1171 696 Κελτοῖς
1197 613 1216 683 δ
1245 619 1300 699 βα-

204 715 314 798 σιλειίς
337 709 458 807 ἤθελεν
478 711 558 786 εῖναι
585 715 625 783 τά
655 715 747 803 παρά
773 722 832 784 τοῦ
856 718 1082 802 Βουτουμίτου
1112 712 1304 802 οἰκονομοί-

205 842 295 901 μενα.
341 818 437 910 τῇδὲ
458 823 529 902 μετ’
549 811 653 907 αιίτὴν
673 819 713 886 usi
736 815 881 886 ἐνυάλιον
902 809 1119 902 α’λαλάξαιτες
1140 817 1178 901 ἐξ
1198 815 1303 884 ἑκατέ-

175 930 265 1004 Βρου
286 921 406 1004 μέρους
425 923 482 1010 τῆς
503 922 643 1001 πόλεως,
667 920 798 988 ἐκεῖθεν
816 920 876 1004 μὲν
896 916 949 987 διὰ
970 923 1029 1006 τῆς
1051 912 1191 1007 ἠπείρου
1207 918 1302 985 ἐκθυ-

205 1017 347 1105 μότερον
380 1017 412 1088 σῖ
446 1022 567 1092 Κελτοὶ
601 1027 659 1112 τῆς
691 1021 883 1107 πολιορκίας
915 1015 1051 1102 εἴχοντο,
1090 1017 1190 1087 ἔνθεν
1225 1019 1254 1085 δ’
1286 1016 1327 1085 tc

206 1121 431 1209 Βουτουμίτης
450 1120 498 1202 εἰς
518 1118 577 1202 τάς
597 1120 751 1205 ἐπάλξεις
775 1114 985 1207 ἀνεληλυθώς
1014 1121 1066 1187 καί
1088 1117 1130 1188 τά
1155 1124 1305 1210 σκῆπτρα

205 1218 341 1301 καὶτοῖς
364 1223 504 1310 σημαίας
532 1224 610 1308 περὶ
637 1219 678 1289 τά
706 1221 796 1308 τείχη
824 1218 1027 1311 καταστήσας
1055 1217 1138 1306 μετὰ
1165 1221 1305 1304 βυκίνων

205 1324 258 1390 καὶ
282 1324 468 1410 σαλπίγγων
489 1316 671 1411 α’νευφήμει
690 1322 749 1389 τὸν
779 1316 1011 1408 αι’·τοκράτορα.
1062 1321 1116 1388 καί
1141 1317 1248 1400 οῖ’τως
1267 1316 1303 1385 τά

203 1419 383 1508 Ῥωμαϊκὸν
402 1421 490 1490 άπαν
510 1421 695 1509 στράτευμα
716 1420 796 1492 ε’ίσω
819 1424 956 1502 Νικαίας
976 1418 1192 1510 εἰσεληλύθει.
1228 1418 1246 1486 δ
1270 1421 1305 1488 δὲ

208 1525 432 1618 Βουτουμίτης
459 1521 503 1593 eci
533 1524 648 1613 πλήθη
677 1529 743 1590 τῶν
766 1525 903 1590 Κελτῶν
931 1519 1097 1608 γινώσκων
1119 1523 1173 1588 καὶ
1193 1518 1247 1591 διά
1266 1518 1304 1587 vri
1313 1531 1343 1583 10

206 1629 266 1711 τῆς
294 1624 422 1714 γνώμης
450 1620 557 1693 αἰτῶν
587 1622 745 1722 δβίβαιον
774 1626 828 1692 καῖ
849 1621 888 1691 τδ
916 1629 973 1711 τῆς
996 1620 1099 1711 ὁρμῆς
1119 1617 1305 1690 ἀκάθεκτον

206 1722 380 1807 ὖπόπτους
410 1726 494 1810 ἔχων
520 1721 647 1807 αὐτοῖς,
676 1725 721 1817 μη
750 1723 958 1805 εἰσελθόντες
985 1719 1079 1793 αὐτοὶ
1105 1723 1143 1793 τά
1165 1728 1305 1809 κάστρον

91 1829 125 1887 V.
144 1832 197 1884 249
206 1824 418 1910 κατάσχωσιν,
442 1826 528 1913 δρῶν
551 1831 587 1898 δὲ
613 1829 666 1895 καί
688 1825 765 1908 τοδς
787 1825 878 1908 ἐντὸς
905 1825 1073 1913 σατράπας
1103 1825 1232 1908 ῖκανοδς
1253 1818 1304 1894 δν-

204 1951 263 2006 τας
293 1927 379 2014 πρδς
406 1923 444 2019 ἣν
473 1923 571 2010 αάτδς
593 1923 660 2012 εἶχε
682 1926 825 2014 δύναμιν,
850 1927 878 1996 εἰ
906 1925 1007 2013 μα’νον
1035 1924 1221 2015 θελήσαιεν,
1252 1927 1306 1993 καὶ

175 2028 339 2111 Οδεσμεῖν
355 2029 409 2095 καί
431 2026 588 2116 σφάττειν
609 2031 757 2109 δυνατῶς
776 2028 917 2112 ἔχοντας,
935 2025 993 2108 τδς
1005 2030 1094 2107 κλεῖς
1108 2022 1210 2107 εδθδς
1232 2019 1304 2094 α’να-
1315 2037 1346 2089 lt

206 2125 405 2212 λαμβάνεται
429 2133 486 2216 τῆς
509 2125 623 2216 πάλης.
675 2128 733 2214 μιά
754 2126 813 2214 γάρ
836 2129 918 2208 τέως
939 2116 977 2216 ἦν
1005 2124 1025 2215 ἡ
1056 2124 1232 2214 εἰσάγουσα
1253 2127 1305 2193 καί

206 2225 364 2315 ἐξάγουσα
397 2233 464 2295 τῶν
487 2223 594 2296 ίίλλων
616 2231 918 2314 προκεκλεισμένων
943 2227 997 2296 διά
1024 2227 1083 2296 τὸν
1110 2226 1219 2318 φόβον
1239 2231 1306 2295 τῶν

208 2330 457 2415 παρακειμένων
480 2332 625 2397 Κελτῶν.
667 2329 729 2410 τάς
752 2332 840 2409 κλεῖς
859 2330 969 2396 τοίνυν
998 2330 1132 2416 ταυτησί
1160 2333 1220 2416 τῆς
1242 2330 1305 2395 πά-

206 2430 263 2515 λης
284 2423 384 2509 αδτδς
408 2427 492 2512 ἔχων
529 2432 599 2497 δεῖν
627 2431 795 2516 ἐλογίσατο
821 2426 899 2508 τούς
925 2427 1095 2514 σατράπας
1123 2425 1178 2495 διδ
1198 2433 1305 2512 μεθο-

206 2529 295 2608 δείας
317 2530 504 2610 ἐλαττῶσαι,
542 2531 583 2595 ἵν’
617 2529 674 2618 ἔχη
704 2525 842 2608 τούτους
874 2529 994 2618 ῥᾳδίως
1015 2529 1348 2616 καταγιυνίζεσθαι,20

206 2623 252 2708 οῖς
272 2627 317 2718 μη’
343 2653 375 2696 τι
398 2627 505 2698 δεινδν
526 2632 595 2697 κατ’
618 2626 719 2697 αιίτοῦ
739 2625 957 2718 μελετησαιεν.
1007 2625 1307 2714 μεταπεμπόμενος

102 2811 108 2822 ¹
204 2727 314 2795 τοίνυν
334 2721 453 2809 αιίτοδς
475 2726 686 2814 συνεβούλευε
709 2727 797 2816 πριίς
817 2726 875 2796 τὸν
897 2723 1120 2814 αὐτοκράτορα
1146 2721 1305 2812 άπέρχεσ-

205 2836 276 2910 θαι,
308 2828 338 2897 εἰ
369 2828 539 2911 βούλοιντο
573 2826 682 2897 πολλά
718 2855 754 2896 τε
779 2827 926 2917 χρήματα
954 2830 1085 2897 ἐκεῖθεν
1110 2830 1224 2913 λαβεῖν
1251 2829 1306 2895 καί

206 2933 302 3017 τιμῆς
324 2922 508 3018 άξιωθῆναι
528 2931 681 3019 μεγίστης
712 2930 767 2996 καὶ
788 2929 937 3017 ἐτησίους
957 2933 1155 3017 τυπωθῆναι
1178 2931 1309 3018 φιλοτι-

307 3101 332 3154 8.
352 3095 421 3154 οὕτω
440 3099 473 3154 Δ.
584 3101 625 3154 14.
643 3099 701 3170 εῖχι
719 3099 752 3168 F,
773 3099 847 3170 εἶχεν
864 3099 894 3154 Ρ.

205 3277 278 3332 enim
297 3278 458 3348 imperator,
486 3282 519 3332 nt
537 3295 607 3348 quae
624 3279 837 3335 instituerentur
850 3297 866 3335 a
877 3279 1020 3334 Butumite
1030 3279 1123 3334 Gallos
1140 3278 1305 3336 celarentur.

205 3350 299 3420 itaque
309 3367 372 3406 cnm
382 3351 518 3420 postridie
528 3369 628 3422 magno
636 3350 1203 3422 clamoreutrimquesublatoGallieterra
1212 3369 1307 3407 muros

206 3423 341 3477 acerrime
358 3426 535 3490 temptarent.
553 3439 615 3477 ecce
625 3421 781 3478 Butumites
800 3424 930 3478 subitoin
943 3421 1158 3494 propugnaculis
1175 3424 1307 3494 apparuit

205 3499 367 3564 eceptraque
394 3498 422 3548 et
446 3495 525 3564 signa
539 3493 663 3548 Romana
681 3497 710 3548 in
728 3501 815 3548 murts
833 3496 936 3565 ubique
949 3494 1034 3565 figens
1044 3495 1207 3548 bucinarum
1227 3496 1307 3548 tuba·

205 3583 322 3636 rumque
331 3569 465 3620 concentu
476 3568 671 3636 imperatorem
683 3567 858 3621 acclamavit:
869 3565 1305 3636 sicqueuniversusltomanorum

206 3639 343 3692 exercitus
352 3635 480 3690 Nicaeam
494 3638 620 3692 intravit.
632 3637 679 3691 sed
687 3637 840 3692 Butumites
851 3640 962 3709 cognita
975 3638 1081 3708 ingenti
1090 3636 1230 3692 Gallorum
1237 3640 1306 3692 mul·

205 3708 334 3778 titudine,
351 3710 417 3779 qnia
430 3714 545 3779 propter
559 3709 700 3764 levitatem
709 3710 883 3780 impetusque
895 3709 1094 3763 vehementiam
1107 3725 1153 3762 eos
1166 3716 1306 3778 suspectos

206 3781 311 3850 habuit,
323 3780 444 3850 cavebat,
460 3799 496 3834 ne
509 3783 628 3850 ingressi
643 3797 732 3836 arcem
748 3785 932 3851 occuparent;
949 3797 1012 3835 cum
1022 3798 1087 3834 vero
1099 3779 1253 3835 Turcarum
1266 3799 1305 3835 sa·

205 3859 307 3922 trapas,
325 3852 495 3978 ‹puiNicaeae
509 3858 596 3921 erant,
610 3857 653 3907 tot
666 3853 752 3922 copiis
761 3852 911 3907 instructos
921 3851 1160 3920 animadverteret,
1171 3857 1212 3918 ut,
1221 3853 1305 3908 modo

204 3925 315 3992 vellent,
343 3924 411 3978 acilc
432 3924 578 3985 Romanos,
597 3925 645 3994 qui
665 3940 750 3994 parvo
771 3941 885 3978 numero
898 3930 988 3990 erant,
1004 3924 1109 3977 vincire
1126 3927 1304 3996 mactereque

205 4000 324 4066 possent,
344 3997 462 4066 sumpsit
481 3996 535 4050 sibi
554 3996 642 4049 claves
662 4001 768 4064 portae,
794 4013 864 4064 quaa
887 3995 948 4048 aliis
976 3995 1012 4048 ob
1030 3993 1171 4048 Gallorum
1198 4001 1304 4050 metum

204 4068 319 4122 occlusis
337 4084 393 4120 unu
419 4072 486 4124 tunc
515 4066 637 4136 patebat.
671 4067 748 4122 cuins
766 4065 855 4136 igitur
873 4073 970 4136 portae
990 4065 1078 4121 claves
1096 4081 1159 4119 cum
1180 4065 1304 4135 heberet,

206 4143 377 4208 satraparum
395 4155 543 4192 numerum
557 4143 617 4192 arte
632 4140 756 4192 minuere
769 4137 883 4192 adortus
902 4142 951 4206 est,
964 4142 995 4190 ut
1005 4137 1085 4192 facile
1103 4153 1149 4191 eos
1164 4153 1305 4207 superare,

204 4227 239 4264 ne
258 4211 325 4280 quid
345 4209 408 4263 mali
427 4215 524 4264 contra
544 4227 572 4263 se
587 4208 798 4277 meditarentur,
815 4212 914 4278 posset.
943 4209 1042 4279 quibus
1056 4208 1193 4263 arcessitis
1208 4218 1305 4265 auctor

205 4281 268 4350 fuit,
287 4286 320 4335 ut
337 4281 533 4350 imperatorem
561 4279 670 4336 adirent
694 4283 879 4352 pecuniasque
905 4279 1006 4334 multas
1026 4281 1184 4350 acciperent
1203 4287 1232 4335 et
1256 4283 1305 4336 ho-

203 4369 285 4407 nores
316 4369 436 4407 summos
453 4353 630 4425 praemiaque
654 4369 748 4406 annua
773 4354 963 4421 impetrarent.
992 4351 1021 4406 id
1048 4353 1186 4421 persuasit
1206 4351 1305 4409 'lurcio
