2760 4756
220 405 260 468 42
594 418 717 470 ΔΝΝΑΕ
737 419 933 486 ΟΟΜΝΕΝᾼΕ

219 612 283 671 ται,
302 579 372 655 ἄλλ’
396 584 485 674 ὅμως
508 589 641 676 νηνεμία
663 586 755 672 ἐτυγε
771 587 933 680 παντελής
947 592 1000 658 καὶ
1013 588 1033 680 ἡ
1047 594 1105 676 νέξ
1116 593 1316 682 πανσέληνος

219 692 381 780 φαίνουσα
402 687 478 758 τότε
505 692 628 774 μᾶλλον
650 685 671 779 ἢ
690 691 724 758 ἐν
746 689 828 777 ἔαρι.
880 695 1100 777 πεπαυμένων
1128 695 1164 761 δὲ
1192 691 1316 762 παντό·

219 816 301 859 πααι
322 794 388 858 τῶν
419 785 547 874 ἀνέμων
578 785 685 859 ου’κέτι
707 789 726 879 ἡ
749 791 902 882 λῃστρικὴ
937 798 1015 874 ναῦς
1035 802 1201 877 κινεῖσθαι
1231 794 1317 881 πρός

219 888 330 975 ἰσχύος
353 885 421 975 εἶχε
442 893 497 960 καί
520 892 686 976 συνέβαινε
716 890 835 980 ταύτην
863 886 1016 980 ἀτρεμεῖν
1044 895 1078 962 ἐν
1098 902 1170 976 τοῖς
1192 893 1314 966 ύδασιν.

219 985 288 1060 ἄλλ’
311 993 468 1060 ἐνταυθοῖ
488 989 661 1080 τοῦλόγου
681 995 835 1081 γενομένη
856 995 1034 1082 βουλοίμην
1048 991 1087 1062 δν
1101 994 1159 1084 τὴν
1173 998 1340 1082 γλῶττανῦ

220 1094 396 1214 ἐπαφεῖναι
411 1099 482 1172 τοῖς
496 1097 559 1161 τοῦ
572 1099 744 1177 Μαριανοῦ
766 1091 1044 1216 κατορθώμασιν.
1063 1089 1100 1176 ὃς
1120 1102 1317 1186 παραχρῆμα

220 1219 310 1280 παρα
317 1219 375 1263 του
360 1192 504 1275 δουκδς
514 1220 574 1263 του
561 1193 703 1262 στόλου
699 1221 766 1262 και
759 1194 858 1263 ιδιου
871 1194 996 1280 πατρὸς
1003 1193 1045 1266 τοὶ
1055 1193 1241 1285 κουφότερα
1251 1202 1317 1266 ταῖν

107 1303 137 1358 P
158 1304 208 1356 291
220 1295 396 1364 πλοίων
363 1293 497 1383 αιτήσας
512 1294 658 1366 κατευθύ
679 1301 739 1383 τῆς
754 1296 836 1377 νεώς
847 1299 970 1422 ἐκείνης
980 1301 1064 1367 ἵεται
1077 1301 1131 1366 καὶ
1143 1304 1184 1391 τῇ
1198 1293 1317 1420 πριόρρ

220 1394 446 1466 συνεισπανιδν
467 1395 584 1486 ταύτης
605 1390 827 1482 απεπειρᾶτο
869 1400 1041 1485 συνέρρεον
1062 1401 1099 1468 δέ
1119 1406 1317 1488 παραχρῆμα

222 1499 327 1568 ἐκεῖσε
365 1495 397 1567 ui
431 1497 566 1568 ἔνοπλοι
603 1504 767 1585 καρτεροῖς
801 1504 919 1568 τοῦτον
954 1503 1197 1587 ἐξωπλισμένον
1231 1528 1317 1588 προς
1326 1511 1360 1564 10

219 1599 327 1689 μάχην
345 1597 557 1686 θεασόμενοι.
607 1602 626 1668 ό
648 1602 683 1669 δέ
703 1602 876 1686 Μαριανδς
901 1609 973 1683 τοῖς
993 1604 1153 1684 Λατίνοις
1174 1608 1214 1694 τῇ
1237 1603 1316 1674 ἐκεί·

219 1728 284 1770 νων
305 1696 545 1789 αίποχριύμενσς
566 1705 722 1792 διαλέκτῳ
744 1701 981 1787 παρεκελεύετο
1007 1702 1052 1792 μὴ
1075 1699 1213 1772 δεδιέναι
1233 1705 1316 1792 μηδὲ

218 1804 384 1892 μάχεσθαι
406 1805 492 1894 πρός
511 1803 724 1892 δμοπίστους.
766 1803 878 1890 βάλλει
896 1808 933 1874 δέ
953 1833 1004 1887 τις
1024 1811 1145 1874 τοῦτον
1166 1809 1317 1874 τῶνΛα-

218 1911 317 1977 τίνων
330 1907 384 1976 διὰ
396 1913 456 1996 τῆς
470 1905 627 1994 τζόγγρας
641 1906 722 1976 κατὰ
736 1913 796 1994 τῆς
809 1905 964 1995 κόρυδος.
989 1905 1056 2000 ἡδὲ
1069 1905 1205 1994 τζάγγρα
1219 1905 1317 1990 τόξον

219 2011 279 2096 μέν
310 2011 379 2078 ἐστι
410 2010 610 2096 βαρβαρικόν
639 2011 693 2076 καί
718 2006 849 2097 Ἕλλησι
882 2011 1051 2088 παντελῶς
1081 2002 1314 2095 ἀγνοούμενον·
1327 2016 1360 2070 16

219 2111 358 2178 τείνεται
380 2112 416 2178 δέ
442 2104 514 2193 ούχὶ
533 2114 591 2200 τῆς
619 2110 678 2194 μὲν
703 2112 810 2192 δεξιᾶς
843 2106 998 2196 ἑλκούσης
1023 2106 1084 2196 την
1111 2104 1235 2194 νευράν,
1258 2112 1317 2195 τῆς

189 2211 257 2278 Βδέ
278 2213 370 2291 λαιᾶς
391 2204 615 2296 όνθελκούσης
645 2209 683 2278 τό
714 2207 820 2294 τόξον,
851 2202 932 2278 α’λλά
964 2211 1016 2277 δεῖ
1036 2207 1094 2277 τόν
1115 2210 1316 2278 διατείναντα

221 2311 260 2380 τό
284 2305 430 2436 όργανον
440 2313 533 2379 τουτὶ
554 2309 592 2380 τό
622 2310 803 2397 πολεμικόν
833 2314 885 2381 καί
914 2307 1168 2399 ἐκηβολιότατον,
1201 2305 1248 2390 ιδς
1276 2301 1316 2376 ι’ίν

219 2440 268 2493 τις
287 2411 388 2495 εἴποι,
410 2410 528 2480 όπτιον
551 2414 699 2498 κείμενον
720 2409 874 2496 έκόιτερον
893 2413 954 2497 μὲν
974 2416 1040 2478 τῶν
1065 2411 1213 2478 ποδῶν’
1197 2420 1315 2496 ενερεῐ·

219 2538 272 2581 σαι
295 2519 367 2594 τοῖς
389 2509 589 2604 ἡμικυκλίοις
618 2518 676 2582 τοῦ
709 2510 816 2596 τόξου,
848 2506 1052 2632 αῖμφοτέραις
1073 2512 1109 2580 δέ
1130 2516 1203 2591 ταῖς
1224 2513 1362 2595 χερσ120

218 2639 277 2706 την
306 2639 423 2700 νευραν
450 2609 536 2696 μάλα
567 2615 720 2738 γενναίως
745 2607 951 2683 ανδελκύσαι
995 2599 1032 2703 ἧς
1053 2608 1134 2678 κατὰ
1154 2637 1193 2679 το
1184 2608 1317 2696 μέσον

219 2711 328 2806 σωλήν
350 2715 417 2783 ἐστι
433 2711 647 2783 κυλινδικδν“
630 2717 790 2805 ημίτυμον
805 2717 981 2803 ἐξημμένον
1005 2707 1103 2802 αύτῆς
1123 2718 1181 2801 τῆς
1201 2717 1317 2798 νευρᾶς

319 2877 470 2955 Memfi.
549 2883 824 2953 8.s'1FCG,0m.P
908 2883 1114 2955 6.ρΜαιᾶν(1.
1198 2880 1334 2952 latensi·

320 2904 422 3010 eddidi
461 2952 573 3039 πατρὸς]
591 2905 706 3027 πρὸςθί
776 2959 800 3011 8.
819 2954 929 3024 venirF‚
947 2904 1053 3022 νηὼςΡ.
1131 2954 1154 3008 9.
1173 2903 1314 3039 ταύτηνῦ.

325 3028 365 3082 11.
383 3021 603 3098 θεασόμενονῦ
665 3029 822 3096 Manava.
906 3019 1316 3114 14.ιιάγγρις1,ιςάγριιῐ>;

324 3101 531 3225 εὶοε1ὁνοε1εο.
585 3093 746 3171 κόρυνοςΕ.
829 3099 869 3154 19.
885 3101 940 3171 μέν
957 3117 1009 3155 om.
1030 3097 1059 3153 G.
1142 3097 1184 3151 22.
1202 3095 1268 3170 αὐτῇ
1283 3099 1316 3172 τῇ

320 3172 400 3241 νένρᾷ

219 3329 280 3380 eret
298 3343 408 3395 noxque
424 3325 512 3410 magis
538 3343 621 3395 qusm
641 3343 705 3381 sere
735 3326 888 3396 plenilunio
915 3325 1084 3395 splendebat.
1121 3325 1252 3394 quocirca
1281 3323 1314 3378 si·

217 3398 339 3452 lentibus
372 3397 460 3452 ventis
485 3399 604 3467 pirsties
629 3399 715 3466 nevis,
745 3415 806 3453 cum
847 3397 893 3483 egi
926 3414 980 3451 uon
1012 3400 1113 3464 posset,
1149 3395 1291 3450 immote'
1283 3412 1315 3450 ιιι

218 3471 297 3554 suuis
324 3473 403 3524 senet
391 3471 459 3523 titit.
505 3469 558 3525 hoe
584 3475 677 3524 sutem
705 3471 874 3524 narrationis
902 3468 962 3522 loeo
988 3468 1072 3522 velim
1090 3466 1237 3522 admittere
1255 3483 1316 3520 ors·

217 3541 322 3595 tionem
341 3540 377 3595 sd
395 3539 559 3595 celebrande
577 3541 695 3595 Mariani
723 3541 854 3596 insinere.
886 3541 934 3609 qui
962 3540 1057 3594 statim
1084 3556 1101 3592 s
1123 3538 1220 3593 eleusis
1243 3537 1315 3592 duee

218 3617 298 3682 petre
327 3629 376 3665 suo
402 3613 553 3667 levioribus
572 3614 690 3682 navigiis
710 3613 865 3682 impetretis
882 3616 958 3666 reete
976 3611 1051 3664 illem
1069 3627 1167 3665 navem
1186 3610 1270 3692 petiit
1286 3613 1315 3664 et

219 3701 339 3752 eprora
356 3701 499 3754 κρριευεαε
517 3689 566 3738 est.
547 3683 746 3739 teonfluunt
769 3701 800 3738 eo
818 3682 956 3752 extemplo
976 3683 1084 3744 armati,
1108 3698 1171 3736 eum
1195 3681 1314 3736 instruo·

217 3757 354 3810 tissimum
378 3773 442 3809 eum
460 3755 495 3808 οδ
514 3756 650 3825 proelium
669 3755 808 3810 vidissent.
844 3760 874 3810 at
892 3755 1033 3808 Marianus
1052 3753 1197 3807 Latinos
1189 3769 1314 3820 ipsorum

216 3827 312 3896 lingue
335 3827 508 3894 admonebat,
535 3845 570 3881 ne
600 3832 754 3882 metuerent
777 3843 831 3880 neu
850 3829 878 3880 in
897 3825 1018 3880 eiusdem
1038 3825 1104 3880 fidei
1122 3824 1247 3878 homines
1265 3842 1313 3892 pu·

216 3902 341 3968 gustent.
369 3898 416 3952 sed
436 3897 496 3952 Ιιε1’
475 3903 597 3953 tinorum
616 3899 728 3968 quidam
746 3904 862 3968 tzeugru
880 3899 939 3952 eius
957 3897 1063 3966 gelesm
1082 3897 1172 3965 petiit.
1198 3900 1314 3965 tzsngru

215 3987 281 4025 vero
300 3969 374 4039 apud
393 3970 525 4024 barbaros
549 3975 591 4024 eet
614 3987 700 4036 ersus,
729 3970 840 4025 Graecis
869 3969 950 4038 plene
977 3970 1085 4038 ignots3
1113 3983 1163 4021 nee
1187 3966 1314 4020 tenditur

216 4042 315 4095 dextre
332 4059 457 4110 nervum,
479 4043 557 4096 laeva
575 4059 668 4096 ereum
688 4046 717 4095 in
735 4043 936 4096 eontrariumt
924 4040 1065 4094 t:rshente
1093 4038 1140 4092 sed
1164 4039 1213 4106 qui
1237 4039 1313 4092 belli·

217 4129 277 4167 esm
295 4112 366 4167 hunc
385 4082 596 4182 longissimeque
614 4113 779 4167 iaculantem
798 4112 953 4168 msehiuum
966 4110 1096 4178 intendit,
1114 4109 1189 4164 hune
1201 4113 1313 4178 opertet

216 4200 311 4254 paene,
328 4189 361 4237 ut
373 4185 414 4238 ite
424 4183 512 4238 diuum
516 4185 726 4253 ‚resupinatum
737 4189 765 4238 et
776 4189 895 4253 utroque
905 4182 973 4252 pede
990 4181 1025 4236 ad
1042 4186 1220 4236 curvaturam
1233 4197 1313 4236 arcus

218 4255 344 4309 annisum
378 4261 496 4324 utreque
513 4273 597 4310 manu
616 4259 727 4310 strenue
744 4255 874 4317 eherdsm
895 4255 1049 4339 attrahere3
1078 4269 1133 4324 qua
1163 4253 1192 4306 in
1223 4253 1314 4308 medis

217 4328 303 4388 tubus
319 4331 361 4388 eet
378 4327 468 4388 forme
485 4327 604 4398 cylindri
621 4327 761 4384 dimidiati
790 4344 937 4398 suspensus
953 4343 986 4382 ex
1003 4327 1064 4408 ipso
1082 4341 1176 4390 nervo
1192 4324 1313 4396 longitu-
