2760 4756
435 413 628 466 AIAEXIADIS
647 415 716 466 ΠΒ.
737 413 770 466 X.
794 405 821 464 6.
1132 403 1171 464 33

118 582 199 666 πεζῶν
213 581 270 666 μὲν
287 577 440 665 χιλιάδων
463 573 671 669 ὀγδοήκοντα,
693 577 824 650 ἱππέων
838 582 874 650 δὲ
887 577 1039 666 χιλιάδων
1052 574 1174 666 άνδρῶν
1181 591 1209 646 Ρ.
1229 590 1281 646 286

118 679 203 749 ἑκατόν
226 684 279 750 καὶ
309 680 365 750 διά
394 687 460 750 τῶν
477 688 586 768 μερῶν
606 687 664 772 τῆς
687 675 843 769 Ούγγρίας
863 681 921 772 τὴν
940 678 1173 767 βασιλεύουσαν

118 785 266 867 κατέλαβεν.
289 780 360 851 ἔστι
389 783 448 867 μὲν
468 780 527 870 γάρ
549 780 588 850 τό
609 788 676 849 τῶν
698 785 833 850 Κελτῶν
851 785 950 871 γένος,
974 780 1019 864 ῶς
1047 779 1173 852 εἰκάσαι

118 880 180 964 τινά,
204 885 253 950 καὶΙ
286 875 396 963 άλλως
427 885 499 950 λύον
524 879 733 968 θερμότατον
761 884 816 952 καὶ
850 877 920 968 όξύ,
955 883 1037 954 ἐπάν
1065 887 1174 954 δὲκαὶ

100 979 236 1074 ῡάρορμῇς
254 983 415 1072 δράξοιτο,
436 978 629 1051 άκάθεκτον.

182 1092 204 1151 6.
246 1090 314 1152 Toni
336 1085 372 1152 δὲ
398 1085 557 1169 βασιλέως
596 1082 682 1170 άπερ
715 1081 733 1152 ό
762 1087 890 1170 Πέτρος
920 1084 1173 1170 προεπεπόνθει

119 1183 186 1268 παρά
202 1191 261 1252 τῶν
289 1182 443 1271 Τούρκων
475 1183 688 1272 γινώσκοντος
708 1187 762 1254 καὶ
788 1185 1065 1271 συμβουλεύοντος
1086 1181 1173 1276 αύτῷ

118 1287 161 1352 καὶ
175 1287 220 1376 τόν
236 1292 300 1354 τῶν
319 1290 446 1354 λοιπῶν
468 1283 620 1375 κομήτων
641 1291 838 1374 καρτερῆσαι
853 1285 989 1374 ἔλευσαν,
1004 1281 1063 1356 ούκ
1083 1288 1173 1356 ἐπεό-

118 1391 182 1452 θενο
200 1393 327 1473 θαρρῶν
344 1387 392 1468 εἰς
414 1385 452 1456 τό
474 1390 608 1474 πλῆθος
641 1391 708 1454 τῶν
739 1389 968 1473 συνεπομένων
997 1383 1089 1477 αύτῷ
1119 1390 1173 1456 καὶ

83 1485 282 1572 Ιθδιασεράσας
302 1485 444 1578 ἐπήξατο
474 1486 532 1554 τόν
563 1484 685 1572 χάρωνα
713 1483 761 1567 εἴς
781 1513 811 1558 τι
834 1490 1003 1573 πολίχνιον
1025 1485 1173 1558 Ἓλενσῶ-

117 1587 194 1652 πολιν
211 1581 450 1673 ὀνομαζόμενον.
493 1588 567 1655 ἐπεὶ
592 1590 627 1656 δὲ
656 1590 709 1654 καὶ
736 1585 903 1674 Νορμάνοι
929 1586 1035 1677 τούτῳ
1067 1590 1173 1656 συνεό-

117 1711 199 1755 πσντο
225 1685 269 1769 εἰς
304 1691 382 1756 δέκα
416 1685 561 1772 χιλιάδας
595 1686 806 1776 ποσούμενοι,
839 1690 1075 1774 ἀποκριθέντες
1113 1695 1173 1758 τοῦ

117 1787 210 1854 λοιποῦ
225 1788 461 1877 στρατεύματος
480 1791 521 1858 roi
541 1789 623 1858 κατά
646 1787 704 1886 τὴν
725 1791 861 1858 Νίκαιαν
881 1791 1043 1878 ἐληΐζοντο
1072 1794 1204 1858 πᾶσινΒ

118 1878 262 1972 ῶμοτάπως
282 1889 483 1980 χρησάμενοι.
519 1897 587 1960 τῶν
607 1917 642 1959 τε
664 1889 723 1978 γάρ
741 1896 875 1980 βρεφῶν
888 1888 929 1959 τά
943 1895 1002 1978 μὲν
1017 1889 1171 1978 ἐμέλιζον,

80 1983 151 2055 lorii
166 1991 193 2056 δὲ
210 1991 309 2075 ξύλοις
328 1994 577 2078 περιπείροντες
598 1983 744 2076 α’ύπτιζον
764 1993 798 2060 ἐν
816 1994 906 2078 πυρί,
930 1991 1016 2079 πρός
1037 1995 1073 2062 δὲ
1094 1989 1174 2072 τούς

116 2091 156 2173 τῷ
171 2090 257 2180 χρόνῳ
278 2090 487 2179 προήκοντας
513 2097 578 2160 πᾶν
605 2086 694 2173 εἶδος
719 2097 836 2180 ποινῆς
865 2093 1099 2162 ἐπεδείκνυντο.
1142 2087 1174 2160 οἳ

116 2188 148 2253 δὲ
162 2189 233 2272 ε’νιός
253 2200 319 2260 τῶν
337 2196 513 2281 γινομένων
535 2194 568 2260 ἐν
587 2190 742 2281 αἰσθήσει
761 2191 935 2282 γεγονότες,
956 2187 1175 2262 ἀναπετάσαν-

117 2311 161 2365 νες
175 2290 219 2372 τάς
237 2293 341 2376 πύλας
361 2297 428 2362 κατ’
453 2289 564 2362 αὐτῶν
585 2292 726 2385 ἐξῄεσαν.
772 2300 928 2381 καρτεροῦ
949 2297 985 2364 δὲ
1004 2299 1174 2383 τηνικαῦτα

117 2396 294 2475 meminus
314 2397 461 2480 πολέμου
483 2396 673 2478 παλίνορσοι
693 2391 771 2463 ε’όσω
786 2400 845 2462 τοῦ
858 2393 999 2481 κάστρου
1010 2385 1174 2484 γεγόνασιν

79 2487 240 2575 obuius
257 2501 325 2562 τῶν
347 2493 528 2581 Νορμάνων
549 2487 806 2581 άγωνισαμένων.
851 2497 905 2562 καὶ
933 2490 978 2576 ῶς
1006 2494 1064 2583 τὴν
1085 2496 1173 2562 λείαν

115 2581 220 2658 ἅπασαν
247 2588 482 2680 ἀναλαβόμενοι
516 2598 692 2680 κατέλαβον
724 2585 823 2677 αὖθις
852 2598 912 2684 τήν
937 2593 1171 2664 Ἕλενούπολιν.

114 2683 191 2772 λόγον
208 2696 239 2762 δὲ
253 2689 435 2782 άναμεταξύ
461 2689 569 2764 αύτῶν
588 2721 624 2766 τε
643 2699 697 2763 καὶ
718 2702 784 2764 τῶν
803 2696 847 2786 μὴ
868 2696 930 2766 σύν
944 2687 1055 2776 αύτοῖς
1074 2689 1172 2766 άπελ-

193 2863 210 2917 1.
226 2867 278 2930 μὲν
294 2865 349 2934 FC,
379 2884 431 2921 om.
449 2867 478 2921 P.
599 2867 623 2922 3.
644 2869 724 2936 γένος
741 2885 794 2922 om.
814 2865 845 2922 G.
899 2866 964 2922 ῶσεὶ
981 2863 1049 2920 κατὰ
1065 2863 1125 2922 τινὰ
1143 2865 1172 2936 C,

191 2933 221 2996 ῶς
236 2935 386 2991 cismarini
398 2938 430 2992 G.
502 2939 591 2993 ἐκαὶ
608 2935 639 2991 τὸ
658 2934 787 3012 ἀφορμῆς
795 2938 827 2993 G.
890 2942 916 2994 6.
933 2938 1134 3007 roriFGG‚roiv
1144 2937 1174 2994 P.

191 3009 209 3060 7.
228 3005 359 3080 Τοῶργων
376 3009 407 3064 F.
428 3059 431 3078 ,
531 3012 556 3064 8.
576 3016 712 3080 καρνεοεῑν
730 3010 783 3065 OG.
901 3013 942 3065 10.
961 3005 1120 3064 ἑλενόπολιν
1137 3010 1171 3065 A.

191 3080 225 3134 li'.
242 3079 371 3148 αἰσθήσει
393 3079 470 3149 FGG,
488 3075 630 3148 αλοθὴοτει
649 3062 680 3137 p.

111 3227 207 3287 millibus
222 3241 249 3290 et
264 3242 377 3292 eentum
395 3237 516 3292 millibus
534 3239 659 3307 equitnm
680 3237 884 3308 Longibardiao
895 3237 997 3293 fretum
1016 3239 1125 3294 traiecit
1143 3243 1172 3293 et

111 3313 150 3379 ptr
164 3301 270 3376 Ungriae
288 3307 357 3362 fines
376 3313 460 3379 eaput
478 3311 588 3379 imperii
612 3311 702 3378 petiit.
739 3327 803 3364 nam
820 3310 958 3365 Celtarum
975 3328 1051 3381 gena,
1075 3315 1108 3365 ut
1133 3310 1171 3364 fa·

109 3368 151 3424 mle
165 3374 218 3432 hine
233 3381 416 3446 eontinentur,
431 3395 502 3435 'oum
521 3398 628 3450 sempor
648 3380 805 3450 perfervida
830 3383 1015 3452 acerrimoque
1034 3388 1083 3451 ost,
1110 3387 1172 3435 tum

110 3448 202 3502 mine
219 3453 246 3506 in
264 3451 392 3507 facienda
408 3453 582 3521 expeditione
599 3451 739 3508 effrenata

165 3522 185 3573 δ.
216 3523 379 3594 Imperatori
396 3529 497 3592 antem,
514 3541 577 3578 enm
595 3541 665 3594 quae
683 3543 699 3578 a
717 3523 814 3578 Turois
834 3524 932 3578 Petrus
951 3541 1094 3594 perpessus
1112 3529 1172 3578 erat

108 3599 225 3654 wgoosset
242 3599 322 3664 eique
340 3597 476 3663 suasisset,
495 3599 527 3648 ut
544 3600 697 3650 ceterorum
716 3598 848 3652 uomitum
873 3597 1020 3650 adrentum
1046 3601 1170 3665 expecta·

110 3661 150 3724 Μ,
171 3662 209 3718 ilie
236 3666 324 3720 fretus
342 3668 546 3735 insequentium
563 3667 741 3722 multitudine
768 3683 823 3722 non
840 3667 981 3722 oboedivit
1000 3669 1170 3736 traiectoque

109 3723 164 3806 ἷζθλο
185 3736 216 3790 ad
243 3737 423 3806 Helenopolim
450 3738 583 3807 oppidum
610 3743 700 3793 eastra
727 3739 827 3808 posuit
872 3733 924 3792 i'am
944 3738 979 3791 ad
997 3737 1088 3792 deoom
1110 3738 1170 3790 mil·

107 3795 367 3884 halNormannorum,
394 3810 442 3878 qui
462 3808 536 3864 huno
562 3811 754 3879 sequebantur,
774 3827 790 3863 a
808 3810 915 3878 reliquo
935 3810 1056 3863 exercitu
1081 3825 1169 3878 segre·

107 3879 153 3936 8²&
174 3879 404 3935 oironmiaeentem
422 3879 538 3935 Nicaeae
560 3883 702 3950 regionem
729 3887 807 3935 tanta
824 3881 987 3936 erudelitate
1015 3880 1168 3946 vastabant,

107 3947 133 3995 ut
146 3952 259 4012 puerulos
286 3952 389 4021 partim
411 3952 599 4022 discerperent
623 3953 806 4020 membratim,
836 3954 938 4022 purtim
966 3951 1049 4020 lignis
1079 3957 1169 4006 trans·

107 4007 160 4072 fisus
172 4021 229 4090 igno
246 4028 377 4090 amarent,
406 4023 514 4078 adultos
530 4041 596 4078 vero
622 4025 710 4078 omnis
735 4025 843 4093 generis
861 4022 1002 4092 suppliciis
1021 4021 1169 4078 affirment.

108 4098 149 4150 (λᾶε
162 4097 263 4163 cognito
279 4093 384 4148 inooloe
402 4095 479 4148 urbis
498 4096 601 4164 apertis
618 4096 707 4164 portis
723 4097 753 4149 in
768 4112 813 4149 eos
832 4099 989 4163 erumpunt,
1010 4094 1057 4148 sed
1082 4095 1170 4148 atrooi

108 4161 190 4222 proelio
207 4171 332 4220 oonserto
359 4183 377 4218 a
404 4165 569 4220 Normanois
597 4165 710 4220 fortiter
728 4167 947 4236 repugnantibus
969 4166 1068 4219 urbem
1094 4182 1170 4233 repe-

106 4227 309 4307 tranguntur.
345 4237 386 4290 illi
412 4254 474 4292 oum
501 4239 576 4290 omni
604 4237 706 4306 prseds
729 4237 909 4307 Helenopolim
936 4237 1087 4292 redierunt
1132 4237 1172 4290 ibi

107 4311 154 4354 mm
168 4305 272 4376 invidia,
290 4312 324 4361 nt
340 4305 382 4377 iit,
405 4308 574 4378 reliquorum
593 4311 642 4379 qui
665 4315 854 4365 remanserant
872 4311 977 4364 animos
995 4307 1171 4374 sooendisset

147 4408 452 4470 ααοιπιιιιπ
683 4476 690 4494 ,
966 4417 984 4477 ε
