2760 4756
560 436 774 490 PRAEFATIO.
1179 433 1219 484 IX

111 611 375 690 Barberinum
398 623 435 685 et
447 609 671 684 Vaticanum
695 625 807 684 exeo
830 608 987 686 fluxisse
1008 610 1218 684 certissimo

116 727 353 802 documento
381 727 529 800 scimus.
578 725 759 799 nimirum
786 725 919 800 ultima
945 727 1116 824 quinque
1140 727 1219 801 eius

117 843 215 918 folia
241 842 404 917 madore
430 840 527 916 adeo
552 855 643 916 'sunt
669 855 860 938 corrupta,
893 854 936 916 ut
966 841 1082 916 modo
1115 843 1219 942 prin·
1283 843 1287 854 ’

119 960 223 1059 cipia
243 957 364 1032 modo
387 959 505 1032 exitus
522 983 701 1044 versuum
723 956 1000 1033 desiderentur.
1038 959 1115 1033 iam
1143 958 1219 1033 duo

119 1075 177 1148 illi
204 1074 355 1149 codices
391 1099 477 1148 cum
509 1072 663 1150 easdem
686 1072 801 1171 plane
836 1071 992 1149 lacunas
1020 1074 1222 1150 ostendant

122 1190 293 1264 dubitari
325 1190 461 1287 nequit
487 1190 580 1287 quin
607 1215 628 1264 o
655 1172 891 1265 Coisliniano
919 1187 1104 1284 descripti
1135 1191 1220 1264 sint.

114 1307 238 1403 'quem
272 1305 356 1402 ipse
382 1305 539 1379 Parisiis
572 1305 663 1380 inde
696 1331 719 1378 a
745 1315 818 1373 XIV
845 1307 867 1378 8
895 1305 1039 1396 contuli
1066 1305 1221 1382 lacuna·
1327 1347 1329 1356 v

122 1446 286 1518 rumque
309 1421 433 1518 spatia
459 1420 664 1517 diligenter
681 1420 871 1496 dimensus
888 1420 927 1493 in
953 1419 1024 1495 hac
1052 1420 1221 1497 editione

121 1563 201 1610 non
227 1548 305 1610 tam
331 1534 371 1609 id
399 1535 460 1631 egi
493 1547 535 1609 ut
559 1535 683 1610 hiatus
715 1537 988 1610 sententiarum
1015 1536 1220 1633 explerem,

123 1653 192 1750 qui
219 1652 324 1726 lusus
346 1651 492 1748 ingenii
517 1651 614 1724 mihi
640 1663 681 1724 ut
706 1651 832 1724 facilis
858 1652 912 1725 ita
940 1650 1052 1746 plane
1078 1652 1222 1729 inutilis

123 1792 207 1842 esse
235 1766 448 1858 videbatur,
478 1790 596 1862 quam
623 1777 665 1838 ut
686 1766 834 1839 tristem
857 1763 1000 1840 codicis
1027 1765 1223 1842 condicio·

122 1908 213 1957 nem
240 1907 326 1957 cum
352 1880 429 1956 fide
446 1893 786 1979 repraesentarem.
827 1881 956 1978 itaque
981 1893 1019 1954 et
1046 1907 1223 1958 versuum

98 1995 163 2074 ¹et
185 1999 410 2072 lacunarum
439 1996 604 2071 ambitus
632 1996 857 2092 significavi,
895 1997 1031 2072 harum
1066 1997 1222 2095 quidem

122 2114 187 2202 ita„
214 2127 258 2187 ut
277 2110 491 2188 litterarum
518 2137 617 2210 quae
637 2109 880 2188 evanuissent
904 2125 969 2186 aut
991 2113 1224 2190 interiissent

123 2254 328 2304 numerum
354 2228 577 2302 indicarem.
623 2253 701 2326 qua
727 2227 963 2326 conputandi
988 2229 1134 2302 ratione
1162 2253 1223 2306 ca·

125 2344 293 2421 rendum
329 2357 386 2419 cst
422 2369 471 2418 ne
508 2344 668 2430 nimium
704 2343 868 2418 fidamus
901 2358 1060 2442 propter
1098 2347 1223 2441 ipsam

124 2461 341 2537 litterarum
362 2459 693 2558 inaequalitatem:
721 2473 801 2532 tum
824 2459 1038 2558 reputanda
1056 2485 1224 2560 conpen-

127 2577 191 2652 dia
217 2579 259 2650 in
283 2575 424 2651 finibus
447 2576 615 2651 maxime
642 2599 822 2651 versuum
849 2575 1109 2650 usitatissima:
1135 2603 1224 2676 pos-

126 2705 247 2768 tremo
282 2693 510 2791 scripturam
538 2703 579 2765 ut
602 2716 663 2766 res
688 2704 726 2766 et
751 2691 904 2767 librarii
925 2690 1048 2766 libido
1076 2693 1226 2768 ferebat
1348 2759 1352 2772 ,

126 2834 229 2883 nunc
272 2809 469 2905 angustius
507 2819 715 2882 coartatam
752 2833 853 2882 nunc
885 2807 998 2882 latius
1027 2805 1224 2882 diductam

126 2925 247 3000 fuisse
260 2935 556 2998 consentaneum
574 2934 641 2998 est.
675 2923 720 2995 win
735 2921 884 3020 reliqua
901 2922 1101 2997 Alexiadis
1115 2933 1224 3018 parte

127 3038 384 3114 conlationem
407 3036 634 3114 Ooisliniani
661 3051 812 3113 secutus
839 3064 934 3133 sum,
959 3063 1074 3137 quam
1098 3039 1224 3113 Mont-

127 3155 329 3230 fauconius
354 3154 379 3229 l.
407 3179 439 3229 c.
467 3154 601 3229 edidit.

230 3269 383 3356 Codicis
395 3269 596 3346 Barberini
617 3268 883 3369 apographum
904 3281 1009 3345 extat
1025 3271 1066 3343 in
1088 3269 1226 3344 biblio·

89 3403 95 3417 ·
126 3384 439 3480 thecaLeidensi‚
455 3384 647 3483 quodIoa.
660 3385 763 3458 Frid.
777 3385 998 3463 Gronovius
1008 3384 1146 3482 partim
1157 3410 1226 3459 sua

127 3501 269 3600 partim
280 3500 406 3576 aliena
414 3526 531 3576 manu
546 3503 732 3575 confecit:
749 3513 786 3575 et
797 3502 836 3573 in
844 3499 1084 3594 marginibus
1098 3500 1178 3573 eius
1189 3513 1228 3575 et

127 3616 228 3690 inter
250 3627 383 3691 uersus
406 3616 538 3691 addita
564 3630 621 3691 est
643 3617 782 3692 codicis
800 3616 1016 3690 Florentini
1038 3616 1227 3711 scriptura

128 3731 381 3828 neglegenter
394 3731 585 3807 adnotata.
609 3733 713 3831 quod
728 3732 992 3829 apographum
1005 3727 1071 3826 (G)
1087 3732 1157 3806 etsi
1168 3743 1225 3805 to-

128 3859 208 3920 tum
233 3845 396 3921 contulit
420 3847 462 3920 L.
491 3848 726 3946 Schopenus‚
762 3862 889 3922 tamen
916 3848 1098 3944 equidem
1125 3847 1226 3923 ultra

129 3961 320 4038 decimum
341 3961 485 4038 librum
504 3964 584 4038 eius
605 3964 746 4039 menda
763 3990 842 4039 non
856 3963 1023 4038 indicavi
1038 3964 1114 4037 iam
1133 3964 1226 4039 affa-

127 4078 195 4154 tim
216 4093 394 4156 constare
418 4093 521 4155 ratus
542 4080 637 4153 nihil
661 4081 784 4154 honae
809 4079 931 4176 frugis
957 4079 997 4151 in
1021 4103 1065 4153 eo
1092 4079 1226 4155 inesse.

129 4221 174 4270 ex
188 4195 322 4272 (odico
336 4197 654 4272 autemVaticano
667 4193 728 4294 (V)
743 4195 929 4270 nonnulla
946 4195 1134 4292 excerpsit
1146 4195 1226 4270 Leo
