2760 4756
231 419 270 480 32
602 433 723 484 ANNAE
744 432 940 484 COMNENAE

229 595 289 683 τήν
311 595 388 666 ὁδόν
408 596 539 685 ἐξάγειν,
562 592 634 666 εἶτα
655 596 835 685 ἐνεδρεύειν
856 603 1189 686 παρακολουθοῦντας
1210 595 1323 666 διόλου

229 700 282 764 καὶ
303 698 388 766 έπάν
408 697 567 785 έκδρομάς
587 725 675 779 τινας
696 697 832 780 τούτους
845 698 1022 770 θεάσαιντο
1043 701 1262 785 ποιουμένους
1276 699 1324 779 είς

94 803 96 808 ’
200 797 399 890 Οπρονομήν
412 805 478 868 τῶν
493 802 738 886 παρακειμένων
751 811 867 887 χωρῶν
887 803 1102 886 ἐκτρέχοντας,
1117 794 1323 869 άναστέλλειν

229 899 283 967 διὰ
293 902 435 986 μετρίων
450 895 707 986 άκροβολισμῶν.
740 903 956 990 συμπαρῆσαν
970 903 1006 970 δέ
1026 899 1156 980 τούτοις
1169 902 1224 968 καί
1238 925 1324 980 τινες

229 1005 286 1088 τῆς
311 1007 489 1092 Λατινικῆς
519 1003 687 1069 διαλέκτου
719 1000 895 1090 εἰδήμονες,
929 1005 983 1070 ἵνα
1012 1001 1071 1082 τάς
1091 997 1349 1092 οίναφυομέναςὸ

228 1101 348 1186 μεταξύ
371 1100 475 1187 μάχας
496 1105 762 1172 καταστέλλωσιν.
807 1098 876 1170 ἄλλ’
899 1101 994 1182 ὅπως
1013 1105 1216 1192 σαφέστερον
1236 1096 1323 1191 άφη-

114 1213 146 1269 V.
165 1215 217 1269 226
228 1204 385 1290 γησαίμην
406 1201 443 1269 τό
467 1209 601 1289 πρᾶγμα
619 1207 672 1270 καί
686 1202 767 1270 κατά
787 1205 894 1289 μέρος,
910 1202 1028 1290 ταύτης
1049 1209 1107 1290 τῆς
1121 1200 1234 1292 φήμης
1252 1205 1323 1270 δια·

190 1351 192 1356 ,
227 1301 412 1391 δραμούσης
425 1301 615 1387 ἁπανταχοῦ
637 1310 770 1389 πρῶτος
784 1301 802 1372 ύ
816 1313 836 1371 Ι
839 1307 984 1393 ὀντοφρὲ
997 1303 1055 1387 τήν
1069 1303 1154 1372 ἰδίαν
1167 1297 1322 1389 όπεμπο·

226 1402 325 1493 λήσας
346 1403 453 1491 χώραν
472 1410 530 1493 τῆς
552 1407 767 1493 προκειμένης
788 1402 867 1473 όδού
890 1401 1013 1488 εἴχετο·
1058 1399 1137 1493 α’νήρ
1163 1406 1199 1474 δὲ
1224 1391 1322 1484 οὗτος

227 1503 477 1594 πολυχρήματος
505 1507 559 1573 καὶ
589 1507 645 1572 ἐπὶ
675 1503 870 1592 γενναιότητι
899 1509 953 1572 καὶ
982 1499 1114 1594 ἀνδρείᾳ
1135 1506 1189 1572 καὶ
1211 1507 1324 1590 γένους
1334 1516 1367 1568 10

227 1609 423 1697 περιφανείη
437 1604 585 1692 μεγάλως
598 1596 722 1690 αὐχῶν·
736 1607 872 1686 ἕκαστος
883 1605 942 1693 γὰρ
953 1611 1019 1673 τῶν
1030 1608 1165 1674 Κελτῶν
1179 1604 1322 1674 ἔσπευδε

227 1709 418 1792 προτρέχειν
439 1713 505 1774 τῶν
525 1700 640 1775 άλλων.
684 1709 738 1774 καὶ
758 1711 866 1795 γέγονε
888 1709 1070 1794 συγκίνησις
1094 1709 1166 1774 οἵαν
1188 1700 1321 1774 ούδέπω

228 1833 278 1887 τις
300 1811 456 1897 μέμνηται
478 1804 608 1894 άνδρῶν
621 1835 657 1876 τε
671 1812 725 1876 καί
739 1815 905 1895 γυναικῶν,
926 1814 993 1874 τῶν
1004 1810 1064 1893 μὲν
1088 1805 1324 1892 ἁπλουστέρων

195 1907 274 1988 θεός
299 1907 356 1975 τόν
384 1913 442 1976 τοῦ
469 1910 582 1993 κυρίου
606 1914 828 1996 προσκυνήσω
859 1905 966 1997 τάφον
994 1910 1046 1974 καί
1077 1907 1118 1974 τά
1140 1905 1222 1974 κατά
1243 1905 1324 1986 τούς

228 2006 340 2094 ἱερούς
360 2007 529 2098 ἱστορῆσαι
550 2006 673 2089 τόπους
693 2010 912 2095 ἐπειγομένων
933 2009 985 2076 ἐπ’
1013 2000 1165 2097 όληθείᾳ,
1190 2013 1256 2073 τῶν
1286 2008 1324 2074 δέ
1334 2019 1369 2072 15

228 2135 265 2195 γεἸ
295 2110 526 2196 πονηροτέρων
556 2109 610 2176 καί
634 2109 760 2192 μᾶλλον
780 2105 901 2188 ὁποῖος
931 2105 950 2174 ό
979 2112 1182 2192 Βαϊμοῦντος
1208 2109 1263 2174 καί
1290 2101 1323 2173 οἱ

227 2205 346 2278 τούτου
367 2205 551 2297 ὁμόφρονες
571 2200 669 2276 όίλλον
692 2208 928 2293 ε’νδομυχοῦντα
940 2206 1096 2294 λογισμόν
1111 2204 1258 2291 ἑχόντων,
1274 2201 1324 2273 εἷ’-

228 2335 295 2376 που
317 2309 351 2376 ἐν
365 2313 412 2396 τη]
427 2309 614 2393 διέρχεσθαι
636 2311 809 2398 δυνηθεῖεν
826 2312 879 2376 καὶ
899 2302 999 2396 αύτήν
1016 2307 1073 2396 τήν
1086 2304 1323 2393 βασιλεύουσαν

228 2414 398 2491 κατασχεῖν
415 2407 569 2494 καθάπερ
587 2405 736 2494 πόρισμά
754 2435 784 2476 τι
801 2407 919 2496 ταύτην
943 2405 1124 2495 εὑρηκότες.
1162 2408 1321 2491 ἐτάρασσε

226 2509 262 2576 δὲ
281 2505 338 2588 τὰς
351 2513 418 2576 τῶν
440 2507 602 2576 πλείονων
623 2511 676 2576 καί
694 2510 923 2596 γενναιοτέρων
944 2507 1053 2595 ψυχάς
1075 2509 1093 2575 ό
1115 2511 1369 2592 Βαϊμοῦντοςκο

226 2605 272 2688 ὥς
293 2609 433 2676 παλαιάν
453 2613 550 2696 μῆνιν
570 2607 652 2676 κατά
674 2615 733 2676 τοῦ
763 2603 1003 2694 αύτοκράτορος
1030 2610 1170 2698 τρέφων.
1213 2603 1232 2674 ό
1259 2606 1320 2692 μέν

226 2700 283 2779 ούν
305 2714 434 2799 Πέτρος
453 2709 535 2796 μετὰ
556 2709 594 2778 τό
617 2717 721 2778 ταῦτα
750 2714 996 2800 διακηρυκεῦσαι
1025 2707 1319 2794 πόντων-προηγη-

225 2809 364 2898 σάμενος
395 2811 452 2880 τόν
486 2817 546 2900 τῆς
565 2814 806 2899 Λογγιβαρδίας
838 2813 1012 2898 διεπέρασε
1045 2807 1204 2895 πορθμὸν
1236 2803 1320 2892 μετὰ

327 2967 368 3018 12.
398 2969 459 3018 οἵαν
475 2965 507 3032 F,
528 2961 571 3020 αἶα
590 2965 618 3019 Ρ.
759 2969 798 3022 18.
826 2985 854 3020 τε
874 2967 905 3037 F,
929 2984 982 3022 om.
996 2963 1027 3020 P.
1170 2966 1211 3016 14.
1231 2978 1320 3032 προσ-

324 3036 436 3162 ηιηνῆσμι
453 3032 544 3162 τάηηον
563 3037 594 3106 F,
611 3031 705 3109 τάφον
722 3039 909 3108 προσκυνῆσαι
926 3037 957 3092 Ρ.
1031 3038 1070 3091 18.
1098 3037 1135 3090 τῶ
1153 3035 1185 3102 F,
1201 3029 1273 3103 αύτῷ
1290 3033 1319 3087 P.

223 3151 226 3164 ,
358 3125 471 3178 .κιιπερ
515 3148 521 3160 .

224 3258 416 3324 congererent:
443 3254 497 3323 ipsi
523 3269 588 3308 vero
614 3254 684 3310 olem
712 3256 945 3326 subsequerentur
981 3260 1010 3309 et
1034 3271 1096 3310 eum
1123 3267 1170 3306 eos
1196 3253 1224 3305 in
1244 3253 1319 3306 obis·

223 3331 315 3378 oentss
333 3341 419 3394 peges
437 3325 599 3394 praedatum
618 3327 664 3380 vis
681 3327 824 3381 devertere
853 3331 1005 3395 cernerent,
1037 3325 1152 3379 modieis
1177 3323 1320 3377 iseuletio·

223 3397 305 3450 nibus
323 3402 532 3450 summoverent.
561 3403 641 3451 erent
658 3415 719 3452 oum
739 3400 774 3452 iis
792 3399 875 3467 periti
895 3398 1007 3468 quidem
1021 3397 1131 3466 linguae
1149 3395 1260 3460 letinae,
1278 3399 1319 3463 ut,

224 3469 246 3521 si
266 3467 333 3537 qnid
354 3470 431 3522 rixee
449 3469 579 3534 oriretur,
593 3471 686 3523 omnis
703 3475 907 3539 componerent.
944 3469 990 3523 sed
1018 3473 1051 3522 ut
1077 3483 1133 3521 rem
1163 3467 1320 3520 eoeuretius

225 3545 366 3608 exponnm'
377 3545 405 3593 et
423 3540 457 3594 de
476 3541 590 3610 singulis
608 3541 765 3595 distinctius
785 3542 889 3608 diesin,
908 3541 1050 3610 divulgato
1060 3541 1163 3608 ubique
1175 3538 1228 3590 ille*
1243 3538 1318 3590 some

224 3610 506 3680 primusGotolredus
525 3613 640 3680 proprie
659 3617 734 3666 terre
745 3611 859 3666 vendite
877 3616 931 3667 iter
943 3613 1115 3680 propositum
1137 3613 1321 3678 eretingres-

224 3701 276 3748 sus,
299 3684 348 3751 qui
363 3687 423 3736 eret
445 3686 488 3737 sir
506 3683 658 3737 ditissimus
677 3686 849 3754 meximeque
874 3686 1058 3754 generositate
1077 3681 1241 3735 fortitudine
1269 3697 1319 3734 no·

224 3754 334 3807 bilitete
352 3754 455 3808 eletos:
487 3755 629 3809 Gallorum
646 3757 720 3808 enim
739 3755 784 3809 elii
805 3756 872 3809 elios
896 3756 1057 3824 praevenire
1076 3753 1230 3806 studebunt
1267 3767 1319 3805 nee

226 3840 242 3877 e
262 3841 400 3894 quoquam
419 3831 498 3880 tants
515 3827 639 3880 virorum
658 3826 859 3896 mulierumque
877 3827 1023 3881 eommotio
1037 3828 1251 3879 commemorota
1264 3827 1319 3889 est3

227 3897 360 3964 equibus
385 3897 567 3966 simpliciores
588 3898 700 3966 quidem
723 3898 829 3952 domini
847 3898 1001 3967 sepulerum
1020 3896 1147 3950 venerari
1170 3901 1318 3963 senetsque

226 3969 286 4021 loos
303 3968 430 4037 religiose
449 3970 537 4023 sisere
554 3969 710 4037 cupiebant,
723 3969 878 4024 eallidiores
890 3985 954 4022 uero
968 3985 1000 4023 eo
1013 3967 1157 4021 similiores
1167 3965 1318 4020 Boemundi

228 4055 378 4107 eorumque
396 4041 444 4109 qui
458 4041 550 4094 eedem
563 4045 647 4109 etque
658 4041 704 4094 ille
721 4041 877 4095 sentiebant
895 4057 969 4108 spem
980 4037 1239 4112 Constantinopolis,
1251 4043 1318 4090 tem·

228 4127 310 4178 quern
329 4112 352 4163 si
371 4111 423 4165 hoe
440 4113 615 4167 eorollsriurn
634 4117 712 4178 esset,
730 4113 822 4166 obiter
841 4111 1015 4179 occupandae
1038 4112 1107 4165 elem
1128 4115 1318 4176 conceperunt.

227 4181 401 4235 Boemundus
421 4199 485 4236 vero
498 4189 590 4236 vetere
602 4184 631 4236 in
649 4184 843 4252 imperatorem
855 4183 919 4237 odio
933 4182 1053 4254 flegrens
1065 4182 1170 4235 enimes
1187 4180 1318 4249 plurimo·

227 4270 289 4306 rum
307 4270 451 4321 procerum
464 4254 656 4308 eontnrbebet.
678 4255 790 4308 interim
799 4255 905 4321 Petrus,
918 4261 1063 4323 postquem
1077 4252 1319 4322 prseoonisinster

228 4324 275 4382 ille
295 4325 490 4395 promulgent,
512 4327 618 4397 primus
637 4328 760 4381 omnium
783 4326 924 4396 profectus
945 4343 1007 4380 esim
1029 4325 1171 4394 oetoginte
1193 4321 1317 4392 peditum
