2760 4756
520 483 526 486 .
557 441 771 494 PRAEFATIO.
1176 441 1217 493 XI

117 601 258 688 sarium
284 615 494 709 integrum,
529 639 580 687 ne
602 612 780 689 deessent
806 611 857 688 ad
885 638 984 711 quae
1008 612 1075 688 ille
1100 638 1216 709 saepe

118 731 336 826 respiceret.
393 729 686 806 adnotationum
719 754 822 823 vero,
864 753 960 826 quas
992 727 1215 827 Sehopenus

118 871 160 922 se
191 846 415 930 additurum
450 846 533 921 esse
564 843 756 944 pollicitus
793 856 874 920 erat
912 844 1016 920 haud
1053 870 1141 919 raro
1176 845 1216 918 in

119 973 304 1061 apparatu
329 961 460 1036 critico
478 961 530 1052 ad
551 960 795 1038 coelectores
817 961 1012 1058 ablegans,
1039 960 1136 1036 nihil
1156 985 1215 1036 re·
1278 1035 1279 1038 ,

120 1076 250 1151 11616111
277 1090 344 1152 est.
414 1113 415 1116 ¹
888 1135 891 1144 .

218 1192 283 1268 Bis
309 1193 531 1292 typothetae
556 1217 627 1290 per
659 1191 812 1290 longius
839 1192 1023 1288 temporis
1049 1192 1214 1290 spatium

33 1323 46 1334 ”
120 1309 427 1383 intermiserunt:
454 1333 530 1406 quo
553 1309 775 1382 factumest
795 1320 841 1382 ut
864 1307 927 1382 hic
941 1308 1040 1383 liber
1059 1333 1129 1407 per
1149 1308 1215 1380 tri-

120 1424 275 1497 ennium
302 1425 373 1498 sub
398 1425 508 1523 prelo
536 1437 642 1499 esset.
693 1436 810 1523 atque
837 1425 913 1497 iam
939 1424 1107 1499 sedecim
1135 1424 1215 1497 eius

119 1539 299 1636 plagulae
325 1535 502 1635 (1-256)
527 1540 627 1638 typis
652 1539 863 1638 exscriptae
895 1552 1014 1632 erant,
1043 1565 1130 1613 cum
1165 1538 1216 1613 ad

119 1681 179 1728 me
204 1655 402 1753 perfertur
426 1653 537 1750 liber,
576 1655 638 1729 cui
664 1655 918 1729 inscribiturz·
949 1653 1121 1728 ε11666611
1148 1655 1215 1728 des
1317 1703 1321 1708 -

118 1769 321 1843 historiens
358 1769 425 1844 des
464 1770 655 1850 croisades
690 1769 824 1865 publia
851 1795 921 1868 par
951 1769 1008 1843 les
1037 1769 1140 1843 soins
1167 1768 1216 1844 de

116 1882 343 1960 l’academio
380 1885 447 1960 des
474 1877 720 1983 inscriptions
755 1899 794 1961 et
831 1885 897 1960 des
925 1885 1045 1960 belles
1071 1885 1214 1959 lettres.

117 1999 334 2074 Historiens
370 2003 501 2079 Grecs.
534 2001 654 2075 Teme
691 2002 870 2096 premier.
923 2000 1042 2095 Paris,
1081 2001 1216 2096 impri-

120 2117 239 2190 meris
272 2117 476 2213 nationale,
505 2117 782 2186 MDcchxxv.’
814 2119 854 2191 in
892 2142 968 2216 quo
1002 2118 1044 2192 Ε.
1072 2115 1217 2198 Milleri

121 2257 210 2304 cura
235 2230 437 2306 Alexiadie
471 2258 517 2307 ea
542 2232 671 2307 omnia
697 2232 801 2307 edita
827 2247 924 2327 sunt,
960 2257 1059 2330 quae
1082 2232 1130 2306 ad
1158 2257 1215 2305 sa·

121 2373 222 2422 cram
251 2346 536 2445 expeditionem
560 2360 741 2444 spectant,
770 2348 812 2421 id
838 2360 904 2440 est,
933 2361 975 2422 ut
1000 2373 1109 2423 meae
1134 2346 1216 2421 edi-

120 2462 232 2536 tionis
263 2463 415 2561 paginis
446 2463 697 2562 versibusque
731 2476 828 2556 utar,
865 2465 924 2559 28,
964 2467 1146 2556 13-141,
1182 2467 1216 2537 4.

122 2581 201 2672 146,
230 2580 414 2667 21-151,
447 2581 480 2650 8.
519 2581 601 2672 165,
630 2581 788 2674 1-175,
819 2583 877 2654 16.
916 2580 1000 2671 182,
1032 2581 1214 2674 14—248,

120 2695 177 2766 22.
204 2697 289 2786 253,
316 2695 496 2790 19-267,
527 2699 584 2768 11.
619 2697 702 2789 270,
731 2696 998 2788 19-276,12.
1036 2693 1096 2767 cui
1124 2719 1216 2790 ope-

121 2835 184 2884 rae
202 2809 316 2883 valde
341 2809 471 2883 nocuit
501 2808 607 2907 quod
629 2809 802 2884 Millerus
834 2809 976 2882 codicis
1003 2808 1217 2884 Florentini

121 2927 192 3020 ope
222 2923 426 2999 destitutus
462 2925 555 2998 suit:
599 2922 640 2998 id
678 2925 781 3021 quod
814 2925 973 2998 minime
1006 2949 1216 3020 conpensa-

120 3040 229 3116 batur
264 3065 367 3116 nova
396 3037 624 3115 Coisliniani
657 3053 692 3116 et
726 3039 925 3114 Leidensis
957 3040 1037 3113 sive
1063 3041 1215 3117 Grono-

119 3158 219 3230 viani
246 3154 477 3231 conlatione.
519 3155 649 3253 itaque
675 3154 867 3254 permulta
894 3145 1036 3229 menda
1061 3154 1100 3229 in
1130 3156 1215 3230 Mil-

118 3269 188 3346 leri
219 3271 391 3346 editione
424 3269 658 3365 resederunt,
698 3296 860 3369 querum
886 3269 1075 3344 nonnulla
1101 3271 1215 3346 etiam

119 3387 197 3461 sine
223 3384 436 3484 exemplari
462 3384 604 3482 corrigi
629 3397 818 3484 poterant.
859 3384 1035 3459 absoluto
1060 3385 1214 3459 demum

118 3499 215 3575 libro
242 3498 418 3578 Millerus
439 3499 704 3575 Florentinum
731 3499 903 3575 codicem
932 3499 1029 3574 adiit
1057 3501 1215 3597 eiusque

118 3616 335 3691 testimonia
366 3616 599 3712 praefationi
633 3615 837 3690 subiunxit.
899 3616 1036 3714 quibus
1068 3615 1214 3711 perlus-

119 3733 224 3806 tratis
258 3731 427 3830 suspicio
463 3755 562 3829 quae
596 3732 690 3805 mihi
723 3733 800 3806 iam
832 3733 993 3806 subnata
1018 3743 1099 3822 erat
1125 3755 1214 3803 con·

119 3847 264 3923 firmata
291 3860 362 3938 est,
389 3873 412 3920 a
430 3845 473 3921 L.
489 3847 690 3947 Schopeno
714 3847 862 3945 aliquot
887 3847 1092 3941 scripturas
1116 3845 1215 3920 inter

118 3962 447 4038 transcribendum
462 3962 654 4059 neglectas
680 3988 782 4038 esse:
813 3989 943 4037 rursus
970 3960 1075 4036 haud
1092 3987 1215 4058 pauca
1271 4025 1281 4034 .

118 4081 227 4153 etiam
241 4079 444 4154 Millerum
471 4080 665 4175 fugerunt.
706 4092 808 4154 certe
834 4077 1015 4176 equidem
1042 4077 1146 4172 olim,
1174 4092 1215 4151 ut

116 4197 279 4296 nequid
307 4195 668 4295 praetermitterem,
697 4193 768 4290 bis,
800 4193 991 4268 interdum
1020 4194 1118 4269 adeo
1156 4209 1215 4268 ter
