2716 4770
199 407 240 471 84
580 414 703 466 Arnen
724 413 921 468 commuue

199 587 474 676 στοχασάμενοςδ
495 586 661 674 βασιλεύς,
685 584 730 670 ὥς
752 580 791 657 οὗ
813 585 933 670 πάντες
955 588 992 672 ἐξ
1014 580 1151 674 ἀνάγκης
1173 593 1297 656 συναπ·

201 696 306 785 ῆλθον
339 697 412 770 ταῖς
448 687 583 778 κόμησι,
632 693 727 776 δηλοῖ
756 692 804 778 τῷ
844 691 1068 779 Βουτουμίτῃ,
1098 689 1140 756 ἵν’
1175 685 1299 756 ὁπόσοι

200 799 267 863 τῶν
289 795 425 861 Κελτῶν
449 793 508 880 τῆς
535 791 620 873 ἰδίας
647 792 801 877 στρατιᾶς
827 783 1091 878 ἀπελείφθησαν,
1123 787 1172 870 είς
1194 814 1299 877 φρου-

201 894 261 982 ρὰν
281 897 340 986 τῆς
363 895 499 973 Νικαίας
518 889 738 980 μισθώσηταί.
782 889 801 960 ὁ
834 893 871 959 δέ
899 917 934 977 γε
949 892 1113 970 ,Τατίκιος
1133 886 1217 975 μετὰ
1239 895 1298 956 τοῦ

201 997 256 1067 ὑπ’
277 991 376 1065 αὐτὸν
397 997 539 1078 στρατοῦ
560 994 615 1060 καὶ
635 989 666 1062 ολ
689 992 831 1082 κόμητες
855 991 1000 1072 ίίπαντες
1026 990 1141 1060 καὶτὰ
1163 989 1221 1058 ὑπ’
1241 983 1325 1058 ατί-δ

171 1098 278 1180 Οτοδς
298 1091 504 1184 δναρίθμητα
516 1093 660 1166 Κελτικοὶ
681 1091 796 1188 πλήθη
819 1095 853 1162 έν
867 1095 959 1163 δυσίν
980 1091 1114 1187 ἡμέραις
1135 1093 1194 1175 τὰς
1208 1087 1300 1161 Λεδ-

201 1230 259 1284 κας
280 1197 517 1283 καταλαβόντες
542 1203 590 1287 τῷ
617 1199 676 1284 μέν
696 1195 891 1287 Beliandrum
917 1195 975 1266 τὸν
995 1194 1195 1280 ἔμπροσθεν
1214 1187 1300 1262 οἷπε-

201 1306 376 1392 μερίσαντο
406 1298 513 1370 τόπον
543 1304 642 1369 τοῦτο
684 1299 784 1368 αὐτοῦ
818 1300 1080 1387 ἐξαιτησαμένου·
1119 1297 1240 1365 ἐκεῖνοι
1270 1298 1299 1364 δ’

203 1398 348 1475 ίίπισθεν
358 1399 462 1476 critob
474 1398 736 1488 παραταξάμενοι
746 1406 862 1486 βραδεῖ
874 1403 961 1470 ποδὶ.
968 1400 1123 1485 ἔστειχεν.
1146 1393 1301 1484 ὀξυτέραν

203 1510 239 1576 δέ
260 1504 319 1596 τῆν
340 1507 464 1592 κίνησιν
497 1500 696 1588 ποιούμενον
729 1504 805 1570 ἐπεὶ
835 1505 913 1589 περὶ
944 1501 1003 1583 τὰς
1033 1507 1093 1570 τοῦ
1116 1502 1301 1585 Δορυλαίου
1313 1509 1346 1562 10

203 1604 362 1687 πεδιάδας
386 1609 531 1690 Τοῦρκοι
562 1610 685 1673 τοῦτον
713 1602 904 1685 ἐθεάσαντο,
941 1602 1112 1691 οἰηθέντες
1131 1604 1178 1690 τῷ
1201 1605 1303 1670 παντὶ

202 1705 420 1796 στρατεύματι
442 1715 508 1776 τῶν
527 1709 663 1774 Κελτῶν
677 1706 916 1793 ἐντετυχηκέναι
937 1706 991 1772 καὶ
1010 1700 1303 1793 καταπεφρονηκό-

202 1803 257 1891 τες
276 1804 376 1878 αὐτοῦ
398 1810 595 1899 παραχρῆμα
616 1808 673 1875 τὸν
694 1811 763 1893 μετ’
788 1799 887 1875 αδτοῦ
909 1811 1060 1894 συνῆψαν
1081 1802 1239 1890 πόλεμον.
1283 1801 1302 1874 ὁ

203 1912 240 1978 δέ
260 1936 295 1997 γε
317 1911 547 1998 τετυφωμένος
579 1909 702 1989 ἐκεῖνος
722 1914 886 1989 Λατῖνος,
920 1905 938 1976 ὁ
966 1909 1024 1976 ἐπὶ
1050 1912 1110 1976 τοῦ
1130 1909 1302 1991 βασιλικοῦ

203 2012 387 2096 σκίμποδος
397 2014 605 2099 καθεσθῆναι
616 2005 788 2099 τολμήσας,
799 2014 861 2094 τῆς
867 2012 926 2077 τοῦ
937 2002 1179 2093 αὐτοκράτορος
1191 2009 1302 2076 έπιλα·
1313 2017 1345 2070 15

204 2110 350 2198 θόμενος
362 2113 544 2201 ξυμβουλῆς
553 2105 595 2177 τδ
604 2102 707 2194 δίκρον
716 2103 783 2193 εἶχε
795 2115 855 2198 τῆς
864 2114 927 2178 τοῦ
938 2106 1142 2196 Βαῆιιούντου
1154 2106 1303 2196 παρατά-

171 2214 287 2299 Ι)ξεως
301 2216 356 2281 καὶ
369 2207 621 2298 μικροψυχήσας
635 2214 701 2277 τῶν
715 2213 843 2278 λοιπῶν
858 2213 1091 2297 προεξέδραμε.
1120 2212 1302 2280 κτείνονται

204 2313 265 2401 μέν
286 2303 343 2382 οὖν
367 2317 538 2401 τηνικαῦτα
569 2308 810 2398 τεσσαράκοντα
839 2316 905 2380 τῶν
936 2315 1007 2397 μετ’
1028 2305 1144 2380 αὐτοῦ·
1178 2313 1303 2393 ἐκεῖνος

204 2417 240 2483 δέ
261 2417 395 2501 καιρίως
416 2416 550 2503 πληγείς
566 2418 653 2482 νῶτα
672 2420 744 2495 τοῖς
759 2415 895 2498 ἐχθροῖς
908 2410 1064 2498 ὑποσχών
1081 2412 1129 2494 εἷς
1146 2413 1186 2482 τὸ
1201 2416 1303 2499 μέσον

203 2519 262 2604 τῆς
297 2511 511 2602 παρατάξεως
554 2513 652 2604 ἥλατο
690 2515 774 2604 ἔργῳ
809 2514 868 2584 τὸν
902 2511 1143 2602 αὐτοκράτορα,
1181 2513 1303 2598 ὁποῖος
1312 2525 1344 2578 20

206 2610 388 2702 ξύμβουλός
410 2615 487 2697 ἐστι,
511 2613 759 2704 διαεηρυκεύων,
793 2612 853 2683 κᾶν
872 2614 917 2707 μῆ
938 2614 1048 2703 λόγοις
1070 2610 1238 2706 ἠβούλετο.
1284 2614 1302 2685 δ

205 2719 241 2786 δέ
263 2719 468 2801 Βαϊμσῦντος
488 2715 566 2798 τοδς
592 2714 762 2804 Τούρκσυς
790 2714 944 2803 ἐκθύμως
973 2717 1176 2802 μαχομένους
1203 2713 1302 2800 δρῶν,

203 2811 402 2897 ἀποστείλας
422 2816 481 2898 τὰς
496 2815 655 2898 Κελτικὰς
678 2819 911 2904 μετεπέμπετο
934 2815 1094 2903 δυνάμεις.
1133 2814 1303 2907 φθάνουσι

304 2996 330 3049 2.
348 2995 383 3050 ἵν’
402 2993 435 3064 Α,
453 2999 498 3050 ἵνα
515 2997 546 3052 Ρ.
681 2998 707 3050 4.
727 3001 858 3056 tentarer
876 2999 909 3051 Δ.
1041 3000 1066 3051 7.
1086 2990 1251 3067 emunim)
1271 2996 1300 3065 G,

304 3072 363 3120 Βαϊ
384 3067 457 3121 edm
467 3067 497 3122 P.
551 3063 757 3139 δπεμερίσαντο
771 3069 804 3136 A,
822 3065 1020 3140 ἆπεμερίστιιτο
1030 3067 1061 3136 Ρ,
1074 3063 1265 3139 ίιπτχαρίσατο
1274 3068 1303 3122 C.

305 3138 330 3192 8.
351 3087 381 3190 d:
397 3138 431 3208 A,
449 3139 480 3193 δὲ
499 3137 530 3192 P.
623 3142 664 3194 10.
683 3142 820 3212 Δορυλέου
836 3140 868 3195 F.
959 3142 1002 3192 20.
1021 3136 1119 3204 ῆλλατο
1136 3139 1167 3208 Ρ,
1185 3141 1304 3196 correxi.

205 3313 261 3350 uun
278 3313 341 3350 cum
356 3295 515 3362 comitibus,
533 3302 566 3352 ut
576 3298 718 3366 deberent,
737 3297 839 3355 ebiiere
850 3299 965 3354 mundet
977 3299 1146 3364 Butumitee,
1164 3304 1205 3369 ut,
1225 3305 1307 3370 quot·

204 3370 274 3436 quet
283 3367 355 3422 Gelli
367 3367 527 3424 discedente
536 3371 662 3426 exercitu
672 3371 875 3435 remansissent,
885 3369 1041 3427 utNieeeee
1050 3370 1191 3440 preeeidio
1203 3375 1306 3440 essent,

204 3439 380 3495 conduceret.
423 3445 453 3494 et
475 3439 600 3495 Teticiue
624 3459 687 3496 cum
706 3443 821 3512 proprio
840 3443 965 3498 exercitu
987 3445 1157 3513 comiterque
1182 3444 1308 3498 universi

204 3527 268 3565 eum
297 3511 548 3567 innumerabilibus
575 3513 688 3572 Gallicis
711 3515 798 3584 copiis
821 3514 869 3569 ubi
897 3514 982 3570 biduo
1004 3513 1110 3570 Leucae
1138 3513 1306 3585 attigerunt,

204 3581 377 3650 Bedmunde,
401 3583 632 3652 quemadmodum
650 3590 824 3654 pepercerat,
847 3585 1000 3655 praeeundi
1018 3591 1112 3656 perteu
1130 3586 1306 3642 tribuerunt:

206 3655 294 3710 ceteri
312 3671 375 3708 cum
386 3660 533 3724 sequentes
545 3657 604 3711 ecie
621 3657 759 3713 instructa
772 3656 847 3712 lente
859 3656 1120 3729 progrediebantur.
1145 3657 1220 3714 hune
1230 3675 1308 3726 vero,

206 3743 269 3780 cum
300 3724 418 3780 celerini
442 3731 580 3796 pergeret,
605 3727 713 3782 Tureee
743 3729 773 3786 in
795 3728 925 3799 Doryleei
950 3729 1057 3798 campie
1079 3729 1215 3799 epeeulnti
1238 3730 1307 3786 reti·

207 3814 260 3866 que
290 3797 449 3852 univercum
476 3797 642 3854 Letiuerum
671 3800 825 3855 exercitum
852 3800 947 3855 edesse
973 3801 1114 3872 peucitete
1143 3807 1308 3872 contempte

206 3867 302 3922 stetim
327 3867 465 3938 proelium
493 3870 598 3925 ineunt.
634 3871 675 3926 ibl
699 3871 819 3927 iectetor
837 3871 886 3926 ille
908 3870 1032 3940 Latinus,
1057 3870 1105 3940 qui
1128 3872 1308 3942 imperatorie

206 3939 306 3994 solium
335 3940 457 3995 insidere
488 3959 571 3998 eurus
602 3947 672 4011 eret,
703 3943 762 3998 einr
789 3943 899 3998 consilii
926 3942 1030 3999 oblitui
1059 3944 1089 3996 in
1117 3943 1208 4014 prime
1236 3943 1307 3998 Boe·

206 4010 304 4065 mundi
323 4011 383 4066 ecie
408 4012 488 4067 stetit
510 4016 540 4067 et
558 4012 675 4068 levitate
702 4015 836 4084 abreptus
854 4018 965 4070 ceteros
988 4013 1154 4084 praecurrit.
1193 4017 1223 4068 nt
1241 4032 1308 4084 qun·

206 4081 338 4152 dreginte
361 4099 474 4138 suorum
499 4083 691 4155 trucidentem
718 4087 779 4156 ipre
804 4085 930 4157 graviter
948 4085 1110 4141 vulneretur
1133 4085 1199 4140 dete
1224 4089 1307 4158 terge

207 4153 236 4207 in
263 4153 382 4208 medium
408 4156 496 4210 eciem
523 4159 657 4226 properet
679 4157 723 4212 vel
751 4161 862 4214 tecente
885 4174 953 4214 voce
983 4174 1014 4211 re
1043 4157 1103 4228 ipre
1128 4157 1307 4228 imperatorie

207 4223 388 4280 consiliorum
407 4226 586 4296 prudentiam
610 4227 782 4298 praedicens.
818 4235 848 4284 et
865 4229 978 4284 fortiter
995 4228 1094 4284 Turdis
1116 4229 1307 4299 pugnantibus

207 4295 284 4352 mitit
299 4294 477 4353 Belimundur
495 4299 531 4354 ed
549 4297 669 4354 Gallicae
687 4301 780 4371 copim
797 4301 987 4371 erceeeendee;
1008 4317 1079 4371 quee
1097 4301 1241 4358 celerrime
1260 4301 1305 4357 ed·
