2760 4756
215 367 256 432 38
596 373 719 428 ANNAE
741 373 939 428 comune

214 549 371 635 πρέσβεις
391 551 564 636 τηνικαῦτα
592 547 754 632 ἐκπέμπει
790 543 876 634 πρός
905 542 964 614 τόν
995 548 1101 616 δοῦκα
1128 551 1311 636 Δυρραχίου

134 637 135 642 ¹
216 648 321 720 εἴκοσι
342 647 428 735 πρός
460 655 531 728 τοῖς
563 649 716 732 τέσσαρσι
750 647 808 716 τόν
833 640 987 734 άριθμόν,
1011 645 1141 733 θώραξι
1164 653 1314 736 χρυσέοις

182 750 274 821 Ι)σδν
295 754 409 831 αὐταῖς
430 755 560 838 κνημῖσι
589 750 931 840 περιπεφραγμένους,
963 747 1058 834 μετά
1076 755 1135 834 τοῦ
1170 747 1313 840 κόμητος

219 851 478 939 Τζερπεντηρίου
500 853 554 918 καὶ
585 846 679 918 Ἠλία
699 855 760 919 τοῦ
783 851 818 917 ἐκ
843 852 1082 940 Θεσσαλονίκης
1105 844 1313 937 άποδράσαν-

215 980 272 1034 τος
294 946 363 1022 άπό
386 957 447 1021 τοῦ
469 947 718 1039 αὐτοκράτορος.
762 949 793 1020 σί
812 955 848 1020 δὲ
862 951 948 1039 πρός
969 951 1028 1020 τόν
1050 956 1155 1021 δοῦκα
1176 961 1338 1023 τοιαῦταῠ

216 1054 328 1141 ἐλεχον
352 1052 516 1142 αγνωστόν
543 1053 629 1124 ἔστω
651 1079 714 1134 σοι,
738 1057 825 1140 δοίξ,
848 1051 899 1123 ὅτι
922 1053 940 1120 ό
963 1050 1074 1140 κύριος
1095 1047 1188 1147 ἡμῶν
1207 1045 1314 1140 Οδβος

216 1152 296 1224 ὅσον
315 1148 376 1248 ἤδη
396 1152 635 1242 καταλαμβάνει
653 1149 895 1241 άναλαβόμενσς
918 1151 987 1224 άπό
1007 1152 1132 1243 Ῥώμης
1159 1156 1219 1249 τὴν
1239 1184 1314 1245 χρυ-

215 1260 276 1349 σῆν
307 1261 367 1325 τοῦ
396 1254 488 1345 ἆχίου
520 1260 650 1344 Πέτρου
677 1259 826 1345 σημαίαν.
872 1253 1011 1345 α’ρχιχχόν
1038 1259 1074 1326 δὲ
1102 1263 1220 1326 τοῦτον
1241 1257 1315 1324 ἐπί-

215 1383 317 1428 στασο
339 1363 398 1428 τοῦ
425 1365 607 1447 Φραχχικοῦ
629 1357 873 1446 στρατεύματος
900 1357 1055 1440 ἅπαντος.
1097 1355 1315 1446 ἓτοιμάσθητι

215 1465 293 1547 χοῦν
312 1460 399 1547 πρός
419 1458 478 1552 τὴν
499 1457 619 1529 τούτου
642 1463 695 1530 καί
723 1464 791 1528 τῶν
820 1458 876 1530 ὑπ’
897 1454 998 1528 αάτόν
1025 1457 1194 1547 δυνάμεων
1215 1457 1314 1552 δοχὴν
1325 1476 1358 1528 10

215 1554 308 1644 άξίαν
335 1566 394 1652 τῆς
425 1557 525 1630 αι’τοῦ
560 1562 709 1646 ἐξουσίας
741 1563 795 1629 καί
827 1558 885 1650 τὴν
919 1559 1005 1647 πρός
1037 1558 1135 1628 αὐτόν
1166 1557 1315 1646 ὖπαντὴν

216 1657 465 1748 ποιησόμενος”.
507 1659 633 1731 τούτων
664 1667 799 1730 τοιαῦτα
832 1659 918 1747 πρός
948 1662 1006 1730 τόν
1032 1660 1134 1730 δοῦκα
1153 1657 1314 1747 λεγόντων

216 1760 234 1828 ὁ
260 1751 365 1848 Οδβος
386 1763 439 1832 διά
459 1768 517 1856 τῆς
533 1761 657 1851 Ῥώμης
678 1762 725 1843 εἰς
739 1765 990 1850 Λοχχιβαρδίαν,
1015 1763 1060 1843 ιός
1080 1759 1214 1850 εἴρηται,
1237 1786 1315 1828 κατ-

216 1863 328 1932 ελδιδν
359 1869 413 1934 καί
447 1865 501 1935 διά
531 1869 589 1955 τῆς
624 1863 760 1952 Βάρεως
788 1862 834 1945 τός
864 1863 950 1951 πρός
979 1862 1018 1932 τό
1050 1859 1224 1950 Ἰλλυρικόν
1256 1860 1315 1930 τόν

216 1960 390 2033 ἀπόπλουν
411 1965 610 2052 ποιούμενος
631 1963 770 2034 κλάδωνι
793 1967 935 2055 μεγίστῳ
953 1963 1145 2052 περιπεσών
1159 1959 1313 2032 ἀπώλεσε
1325 1975 1359 2032 15

216 2067 259 2134 τά
279 2069 384 2134 πλείω
411 2073 478 2135 τῶν
497 2063 597 2135 aizoi
625 2068 752 2134 πλοίων
780 2067 839 2134 σόν
866 2061 979 2148 αὐτοῖς
1005 2068 1130 2153 ἐρέταις
1160 2067 1214 2133 καί
1241 2067 1316 2132 ἐπι-

11 2173 18 2178 ”
107 2168 137 2223 Ρ·
156 2163 348 2250 289χίάταις,
373 2165 445 2249 ἑνός
465 2165 568 2254 μόνου
593 2155 753 2258 σκάφους,
785 2169 819 2236 ἐν
841 2155 868 2256 ᾦ
888 2163 989 2250 αότός
1011 2166 1117 2252 ἔτυχε,
1147 2166 1229 2235 κατά
1256 2164 1315 2257 τὴν

215 2269 409 2356 μεσαίχμιον
439 2271 603 2354 παραλίαν
629 2271 689 2337 τοῦ
721 2295 757 2336 τε
792 2270 974 2356 Δυρραχίου
1005 2272 1059 2336 καὶ
1089 2266 1198 2338 τόπου
1227 2265 1315 2348 τινός

215 2371 414 2455 καλουμένου
431 2367 565 2450 Πάλους
584 2362 862 2450 άποπτυσθέντος
877 2363 951 2438 οἷον
965 2368 1056 2455 παρὰ
1078 2371 1145 2437 τῶν
1162 2366 1315 2456 κυμάτων

215 2472 269 2537 καί
291 2459 392 2538 αότοῦ
408 2467 645 2563 ἡμιθραύστου.
680 2469 876 2556 παραδόξως
886 2472 922 2539 δὲ
936 2469 1043 2560 τούτῳ
1059 2472 1203 2540 σωδὲντι
1218 2480 1360 2556 περι-20

215 2568 367 2662 τυχόντες
387 2569 445 2641 δόο
463 2575 547 2652 τινὲς
567 2577 635 2640 τῶν
656 2568 949 2658 περισκοποόντων
971 2570 1029 2664 τὴν
1043 2567 1162 2640 τούτου
1186 2569 1315 2640 ἐλευσιν

215 2675 451 2757 μετεκαλοῦντσ
465 2669 564 2742 αὐτόν
578 2675 723 2760 λέγοντες
733 2673 778 2754 ὥς
802 2671 842 2742 “ὁ
858 2670 939 2758 δοδξ
951 2668 1166 2757 άπεκδέχεταί
1180 2696 1241 2742 σου
1255 2669 1315 2766 τὴν

315 2880 340 2931 2.
361 2885 418 2937 τοῖς
435 2895 487 2932 om.
502 2877 534 2933 G.
634 2879 660 2933 4.
678 2885 880 2949 Ζερπεντηρίου
899 2878 928 2934 C.
1028 2879 1053 2933 δ.
1076 2879 1123 2932 τοῦ
1142 2878 1219 2947 FGG,
1238 2875 1270 2932 οά
1282 2880 1312 2933 P.

315 2951 340 3004 9.
360 2944 505 3034 ἑτοιμάσαι
524 2951 670 3020 τοιγαροῦν
688 2949 741 3005 OG.
862 2953 906 3004 14.
923 2945 973 3004 τόν
990 2949 1021 3004 F.
1134 2952 1175 3005 16,
1196 2947 1262 3003 *ab
1281 2950 1312 3004 F.

317 3022 356 3075 17.
400 3039 470 3082 ονως
488 3021 519 3076 G.
669 3023 713 3075 21.
732 3022 787 3076 τῶν
804 3014 1047 3090 περισκοποάντων
1065 3022 1095 3088 F,
1115 3022 1315 3092 περισκοποῦν-

314 3109 358 3152 τες
375 3043 406 3147 λζ.
508 3095 552 3148 22.
570 3088 753 3164 ἀπεκδέχεται
772 3093 802 3163 C,
821 3093 1000 3165 ἐπεκδέχεται
1017 3093 1048 3148 P.

216 3260 278 3316 dieo
296 3261 364 3317 litus
383 3260 503 3317 felioiter
521 3263 657 3332 pervenit,
677 3261 782 3335 legatos
799 3261 837 3318 'ed
858 3262 956 3320 dnoem
967 3223 1118 3334 'Dyrrachii
1137 3263 1228 3319 mittit
1248 3275 1315 3334 qus-

215 3336 282 3387 tuos
300 3336 329 3387 et
347 3333 447 3402 viginti
476 3349 572 3389 eureos
596 3334 697 3390 lorioes
724 3352 874 3404 ocreasque
902 3335 1014 3390 indutos
1043 3351 1099 3390 uns
1123 3352 1187 3390 oum
1211 3338 1316 3392 comite

163 3435 167 3440 -
216 3404 414 3474 Tzerpenterio
424 3409 453 3459 et
463 3405 533 3474 Elis,
551 3406 599 3474 qui
610 3405 805 3461 Thessalonica
823 3408 859 3461 ob
876 3407 1047 3478 imperatore
1065 3406 1237 3476 profugerat.
1266 3409 1315 3533 gui

217 3475 253 3530 οδ
272 3475 370 3531 ducem
389 3478 418 3530 in
433 3476 505 3530 huno
515 3477 628 3531 modum
640 3479 726 3533 verbe
737 3478 872 3534 feserunt:
892 3479 1014 3534 “Notum
1027 3481 1065 3533 sit
1076 3478 1139 3546 tibi,
1154 3494 1171 3532 ο
1184 3477 1249 3548 dux,
1287 3497 1316 3534 o·

217 3547 324 3602 minum
342 3552 468 3603 nostrum
484 3549 576 3604 Ubum
592 3550 809 3620 quamprimum
822 3549 971 3604 idventore
987 3554 1096 3619 sumpto
1109 3549 1213 3606 Romae
1229 3567 1315 3606 aureo

218 3620 308 3674 suncti
327 3619 404 3674 Petri
422 3619 532 3692 vexillo„
561 3619 636 3675 huno
654 3638 720 3677 vero
738 3622 809 3676 scies
827 3638 964 3675 summum
993 3638 1050 3676 esse
1063 3621 1173 3675 -duoem
1192 3622 1316 3677 universi

216 3689 387 3745 Francorum
405 3692 553 3760 exereitus.
589 3709 657 3762 ergo
674 3696 704 3746 te
721 3711 791 3762 pars
809 3692 844 3746 ed
862 3694 952 3762 ipsum
967 3693 1175 3761 exercitumque
1189 3693 1248 3748 eius
1261 3711 1315 3763 pro

194 3811 196 3816 .
217 3761 560 3833 dignitateexoipiendum
570 3779 772 3833 occursumque
782 3764 908 3819 debitum
920 3765 945 3819 ei
956 3763 1153 3819 reddendum.’'
1175 3764 1243 3819 telis
1253 3766 1315 3821 istis

217 3832 282 3887 duoi
309 3833 466 3889 dicentibus
499 3833 578 3890 Ubus
601 3835 691 3890 Rome
717 3837 746 3890 in
771 3835 1002 3906 Longibnrdiam‚
1031 3840 1063 3890 ut
1091 3839 1315 3906 oommemorsvi,

217 3903 358 3974 profectus
380 3910 408 3959 et
425 3923 475 3977 per
494 3906 608 3962 Barium
627 3906 768 3976 lllyrioum
792 3923 887 3961 versus
909 3908 1044 3978 navigans
1065 3907 1175 3976 ingenti
1196 3910 1315 3978 tempes-

217 3979 275 4030 tete
293 3975 439 4045 pleresque
459 3994 542 4033 neves
561 3995 623 4032 sues
642 3995 704 4034 oum
716 3979 810 4032 nautis
828 3979 1018 4048 militibusque
1035 3979 1142 4047 nmisit3
1161 3997 1217 4033 une
1235 3979 1314 4034 dum·

218 4051 296 4102 texet
313 4047 423 4118 scapha,
442 4067 496 4118 qua
515 4048 587 4105 forte
605 4049 663 4119 ipse
681 4049 842 4116 vehebatur,
869 4048 1002 4104 fluetibus
1020 4053 1049 4104 et
1072 4050 1133 4119 ipsu
1155 4051 1315 4106 semileoers

217 4118 253 4172 ed
271 4119 339 4174 litus
358 4121 433 4174 inter
443 4119 627 4188 Dyrrachium
637 4125 667 4175 et
677 4121 778 4186 looum,
796 4120 938 4190 quiPulus
951 4125 1077 4189 τοοιιοατ,
1095 4122 1182 4176 eiecta
1196 4127 1245 4176 est.
1276 4124 1317 4177 its

219 4189 387 4246 mirabiliter
407 4196 516 4247 servato
529 4191 583 4262 ipsi
595 4191 706 4246 obviem
720 4191 792 4247 fiunt
809 4193 865 4247 duo
879 4192 990 4262 quidem
1009 4209 1113 4262 eorum,
1133 4194 1181 4261 qui
1196 4192 1257 4248 eius
1271 4193 1316 4249 εδ-

219 4265 332 4316 ventum
344 4263 538 4334 observabant,
548 4280 664 4333 eumque
674 4264 872 4335 compellentes
882 4263 980 4319 “Dux’'
989 4263 1068 4319 siunt
1077 4265 1224 4336 “expectet
1235 4269 1316 4321 tuum
