2716 4770
205 407 246 470 76
586 417 707 470 ANNAE
728 415 926 470 comune

204 584 343 674 ἁμάξαις
371 584 528 671 ἐπισάξας
548 585 596 668 είς
616 583 674 676 τὴν
705 586 818 674 λίμνην
846 581 998 674 stultove
1024 580 1226 671 στρατιώτας
1247 583 1302 670 ἒμ-

203 687 314 775 βαλιίν
343 689 377 758 ἐν
406 687 519 769 αὐτοῖς
552 684 773 777 ὁπλοφόρους,
812 684 952 776 ἡχεμόνα
982 684 1110 755 τούτων
1142 682 1302 773 Μανουηλ

203 789 262 860 τόν
273 791 497 878 Βουτουμίτην
508 785 791 876 καταστησάμενος
800 790 854 855 καὶ
868 789 1008 876 σημαίας
1021 784 1152 868 τούτοις
1167 787 1301 866 πλείους

89 900 122 956 V.
141 896 260 981 248τῆς
273 891 382 976 χρείας
397 888 539 971 ε’πιδοός,
563 886 611 970 ῶς
629 891 783 958 ἐντεῦθεν
798 889 1067 969 πολλαπλασίους
1081 889 1199 968 δοκεῖν,
1216 884 1302 970 πρός

202 995 239 1060 δὲ
259 993 314 1058 καί
334 987 447 1074 βίκινά
470 1016 505 1058 τε
527 993 582 1057 καὶ
602 987 768 1076 τύμπανα.
804 984 873 1057 άλλ*
890 987 981 1058 οὕτω
1003 989 1063 1075 μὲν
1083 985 1124 1054 τά
1144 983 1229 1054 κατά
1245 982 1325 1074 trist

203 1093 316 1181 λίμνην
338 1083 544 1181 ηίκονόμηται
564 1095 611 1180 τῷ
633 1084 864 1177 αὐτοκράτορι·
895 1084 964 1159 άπά
986 1091 1022 1158 δέ
1040 1095 1076 1176 χε
1090 1093 1148 1176 τῆς
1163 1089 1302 1178 ἠπείρου

202 1189 506 1280 μεταπεμψάμενος
534 1189 593 1259 τόν
618 1195 770 1260 Τατίκιον
800 1193 931 1260 καὶτὸν
961 1186 1160 1276 καλοόμενσν
1186 1188 1303 1273 Ίζίταν

202 1296 285 1380 μετά
306 1297 498 1363 πελταστῶν
530 1295 684 1381 γενναίων
716 1292 764 1375 εἷς
784 1295 959 1378 δισχιλίους
981 1291 1197 1377 ποσουμένων
1217 1284 1300 1357 κατά

172 1400 261 1486 Βτῆς
281 1397 418 1476 Νικαίας
439 1387 632 1462 ἀπέστειλεν
665 1391 855 1482 ἐπισκήψας
876 1392 943 1480 άμα
963 1400 1010 1482 τῷ
1032 1399 1100 1460 τῶν
1120 1397 1203 1460 νεῶν
1220 1383 1303 1460 άπα-

202 1501 298 1585 βῆναι
319 1494 358 1564 τά
379 1500 442 1564 τοῦ
471 1499 575 1581 κυροῦ
598 1503 618 1562 Ι
621 1495 762 1582 ἐωρχίυυ
793 1496 982 1564 καστέλλιον
1009 1489 1250 1575 καταλαβόντας
1271 1489 1344 1559 ἒνὶὓ

117 1599 119 1606 ’
204 1593 354 1685 ἡμιόνοις
375 1598 436 1681 μὲν
449 1591 604 1680 ἐπισάξαι
623 1593 707 1681 ὅπερ
724 1596 927 1686 ἐπεφέροντο
942 1597 1078 1686 πλῆθος
1090 1597 1157 1660 τῶν
1171 1585 1302 1672 ὀϊστῶν,

203 1701 320 1784 πόρρω
343 1698 379 1764 δὲ
399 1703 466 1766 τῶν
486 1703 603 1781 τειχῶν
623 1701 681 1788 τῆς
704 1697 840 1777 Νικαίας
867 1701 934 1763 τῶν
964 1697 1081 1762 ἵππων
1113 1687 1307 1778 άποβάντας

204 1803 258 1867 καὶ
286 1797 388 1887 βάδην
416 1803 660 1886 πορευομένους
688 1800 833 1868 κατευθά
862 1805 922 1868 τοῦ
950 1795 1076 1886 πόρχου
1106 1803 1165 1866 τοῦ
1188 1800 1305 1866 καλου-

204 1903 303 1986 μένου
323 1899 467 1970 Γονάτου
495 1899 554 1969 τόν
576 1897 700 1986 χάρακα
721 1899 902 1989 πήξασθαι,
932 1895 1003 1968 εἶτα
1025 1902 1062 1984 ἐξ
1081 1897 1154 1980 ἑνός
1177 1895 1305 1986 συνθή-

203 2027 307 2087 ματος
339 1997 580 2088 συνησπικότας
612 2003 815 2086 προσβαλεῖν
847 2009 919 2082 τοῖς
950 2001 1098 2084 τείχεσιν.
1146 1995 1304 2086 §quassis
1315 2008 1346 2062 15

205 2091 300 2170 οὖνὸ
328 2103 479 2180 Τατίκιος
499 2098 582 2185 μετά
611 2107 670 2168 τοῦ
692 2097 748 2168 ὕπ’
774 2096 875 2170 αότάν
901 2099 1144 2188 στρατεύματος
1171 2100 1306 2170 δίδωσιν

205 2198 328 2289 εἴδησιν
349 2207 421 2280 τοῖς
436 2203 577 2280 Κελτοῖς
598 2199 679 2267 κατά
697 2199 757 2290 τὴν
778 2206 837 2270 τοῦ
858 2203 1019 2287 βασιλέως
1033 2197 1219 2288 ὑποθήκην.
1253 2200 1306 2266 καί

204 2306 380 2390 τηνικαῦτα
403 2298 686 2389 ἐσιδηροφόρησαν
713 2299 859 2382 άπαντες
888 2305 942 2369 καὶ
973 2300 1031 2370 σάν
1053 2295 1230 2389 α’λαλαχμῴ
1252 2301 1306 2367 καί

204 2407 267 2494 βοῇ
289 2404 397 2494 πολλῇ
418 2403 626 2488 προσέβαλον
646 2408 718 2484 τοῖς
738 2404 868 2487 τείχεσι.
911 2409 977 2470 τῶν
996 2405 1056 2488 μὲν
1075 2407 1135 2470 τοῦ
1151 2404 1304 2469 Τατικίου

176 2500 342 2586 Οσυχνυάς
357 2511 528 2590 τηνικαῦτα
547 2499 750 2588 πεμπόντων
765 2497 906 2584 σ’ϊστοός,
929 2509 996 2570 τῶν
1009 2505 1046 2571 δὲ
1062 2505 1197 2570 Κελτῶν
1218 2499 1305 2572 ὅπου
1315 2513 1348 2566 2⁰

200 2591 264 2689 μὲν
285 2599 570 2690 ὄιαιιτραινόνιων
590 2601 631 2670 τά
650 2605 749 2693 τείχη,
773 2602 861 2673 ὅπου
884 2606 920 2672 δὲ
939 2603 993 2672 διά
1013 2600 1228 2690 πετροβόλων
1249 2596 1306 2688 ὄρ·

114 2789 119 2798 ἲ
204 2700 310 2790 γάνων
330 2700 624 2772 καταπυκνοόντων
636 2703 694 2784 τάς
718 2710 784 2771 τῶν
798 2707 906 2772 λίθων
925 2700 1035 2790 βολάς,
1058 2703 1127 2772 ἀπό
1148 2705 1185 2772 δέ
1198 2727 1234 2790 χε
1248 2707 1306 2790 τῆς

204 2805 317 2891 λίμνης
339 2801 394 2872 διά
420 2831 456 2872 τε
480 2810 546 2872 τῶν
568 2807 746 2890 βασιλικῶν
767 2811 914 2894 σημαιῶν
928 2807 983 2872 καὶ
1002 2806 1143 2892 βυκίνων
1159 2805 1306 2888 ἐκδειμα-

307 3053 329 3104 1.
349 3045 480 3110 inscitae
500 3051 553 3120 FC,
571 3046 715 3112 ἐπεισάξας
732 3051 763 3106 P·
926 3046 1053 3118 εἰσήλασε
1065 3051 1097 3119 F,
1116 3045 1260 3118 εἰσήλασεν
1275 3050 1306 3105 P.

303 3125 329 3179 3.
348 3127 520 3193 Βουιομίτην
529 3123 558 3190 Ρ,
576 3125 693 3180 correxi.
744 3127 769 3178 4.
788 3124 1007 3183 πολλαπλασίους
1017 3124 1048 3188 F,
1068 3124 1265 3177 πολλαπλασίω
1274 3122 1305 3177 P.

307 3195 347 3246 ll.
367 3189 491 3255 ἐπισάξαι
511 3193 564 3264 FO,
582 3190 723 3256 ἔπεισάξαι
741 3195 771 3251 Ρ.
881 3197 920 3250 15.
937 3201 994 3255 τοῖς
1011 3193 1042 3260 F,
1062 3191 1123 3254 τοὺς
1133 3193 1162 3249 P.

205 3407 350 3472 militibus,
368 3407 469 3477 quibus
487 3407 641 3464 Manuelem
662 3410 823 3465 Butumiten
841 3409 985 3480 praefecit,
1011 3413 1099 3479 utque
1120 3409 1240 3462 maiores
1257 3425 1306 3462 nu·

205 3496 282 3532 mero
300 3479 470 3548 viderentur,
490 3480 568 3550 signa
585 3481 620 3534 iis
639 3481 719 3552 plura
737 3481 847 3550 tribuit,
861 3498 943 3551 quem
956 3497 1025 3551 opus
1038 3485 1105 3542 erat,
1118 3496 1150 3534 ac
1163 3483 1307 3550 praeterea

205 3550 320 3606 bucinas
338 3556 532 3621 tympanaque.
569 3553 637 3608 haec
663 3553 698 3608 de
723 3553 785 3608 lacu
810 3553 845 3608 ab
864 3553 992 3622 Augusto
1011 3553 1129 3622 provise.
1166 3549 1306 3605 Taticium

205 3622 270 3676 dein
289 3622 434 3677 ethitam
453 3642 515 3678 cum
536 3625 655 3680 strenuis
673 3625 799 3696 peltastis
810 3641 925 3678 numero
944 3623 1061 3678 duorum
1080 3623 1138 3676 lere
1157 3622 1274 3676 millium
1291 3641 1308 3677 a

205 3695 365 3748 continente
384 3698 485 3751 accitos
506 3698 582 3751 misit
599 3697 728 3752 adversus
739 3697 867 3752 Nicaeum
882 3696 1030 3767 imperans,
1040 3699 1072 3750 ut
1089 3695 1162 3748 facto
1176 3711 1307 3748 exscensu

207 3765 243 3820 ed
261 3765 319 3821 divi
339 3766 452 3837 Georgii
470 3768 612 3821 castellum
640 3771 764 3839 sagittas,
792 3787 860 3838 ques
885 3770 1018 3839 plurimas
1046 3767 1192 3834 habebant,
1222 3767 1305 3821 mulis

206 3839 383 3906 imponerent
411 3838 562 3908 proculque
580 3857 596 3893 a
614 3841 757 3894 moenibus
784 3840 941 3895 desilientes
958 3856 991 3892 ex
1021 3839 1098 3908 equis
1122 3837 1198 3891 leuto
1216 3837 1307 3906 gradu

206 3909 336 3963 adversus
357 3911 482 3964 Geneten
501 3915 606 3964 turrem
626 3911 701 3966 irent
718 3911 813 3982 ibique
830 3915 920 3965 cestra
938 3914 1086 3982 ponerent:
1105 3913 1165 3962 tum
1183 3925 1307 3964 commu·

206 3983 300 4035 niceto
323 3998 385 4035 cum
405 3981 491 4035 Gallis
518 3983 633 4036 consilio
661 3999 721 4036 cum
750 3983 784 4036 iis
812 3999 905 4036 muros
933 3980 1116 4038 succederent.
1154 3979 1228 4050 quod
1256 3982 1306 4036 ubi

137 4079 141 4094 ι
207 4051 331 4106 Taticius
349 4069 410 4106 cum
421 4054 508 4123 copiis
519 4053 575 4107 euie
588 4052 713 4123 perfecit,
724 4053 827 4109 edoctis
839 4053 873 4109 de
885 4053 1061 4125 imperatoris
1073 4051 1187 4106 consilio
1197 4051 1307 4108 Latinis

207 4124 283 4177 ferro
300 4141 395 4178 omnes
413 4127 513 4179 armati
532 4141 594 4178 cuns
616 4142 715 4194 magno
735 4125 853 4180 clamore
877 4143 908 4180 ac
933 4123 1132 4180 vociferatione
1155 4123 1184 4177 in
1212 4141 1306 4179 muros

206 4196 326 4248 irruunt.
362 4197 456 4265 itaque
473 4196 624 4250 Teticienis
650 4197 759 4251 crebras
783 4201 843 4251 tum
867 4197 1044 4251 mittentibus
1068 4196 1192 4266 sagittas,
1220 4195 1306 4250 Gallie

168 4333 170 4340 Ι
207 4267 274 4321 alibi
293 4282 386 4321 muros
404 4267 622 4336 personantibus,
640 4269 706 4323 alibi
726 4267 850 4339 lapidum
868 4269 940 4324 ictus
960 4267 1109 4337 catapultis
1118 4265 1306 4336 multiplican-

206 4338 290 4402 tibus,
317 4339 439 4403 barbari.
468 4355 530 4394 cum
555 4356 572 4394 a
595 4339 657 4395 lecu
674 4341 759 4412 regiis
779 4339 887 4396 vexillis
910 4339 1072 4411 bucinisqus
1090 4343 1263 4395 terrerentur
1289 4357 1308 4394 a
