2760 4756
520 1747 880 1826 PRAEFATIO.

605 1947 805 1960 *nun—.-

250 2121 300 2196 In
342 2116 584 2215 recensendis
625 2143 691 2194 sex
728 2115 872 2193 ultimis
906 2116 1106 2194 Alexiadis
1143 2117 1253 2193 libris

151 2238 376 2339 praecipue,
399 2247 441 2308 ut
465 2233 637 2334 perluit,
667 2233 839 2310 codicem
860 2233 1123 2310 Florentinum
1144 2232 1253 2329 (saec.

152 2361 229 2438 XII)
249 2379 342 2428 rara
368 2349 445 2426 fide
464 2350 652 2447 insignem
674 2346 733 2448 (F)
762 2363 916 2426 secutus
940 2376 1035 2445 sum,
1065 2351 1130 2448 qui
1152 2351 1252 2426 inter

155 2469 352 2547 Mediceos
380 2466 656 2544 Laurentianos
690 2466 785 2566 plut.
811 2475 898 2536 LXX
934 2470 956 2540 2
992 2462 1068 2562 (cf.-
1088 2465 1253 2541 Bandini

158 2585 267 2662 catal.
290 2583 376 2660 cod.
402 2585 539 2662 Graec.
556 2583 648 2658 bibl.
665 2583 842 2658 Laurent.
864 2593 894 2652 11
912 2587 998 2672 656)
1015 2583 1250 2659 adservatur.
1304 2629 1309 2632 -

160 2726 232 2798 ego
255 2726 344 2777 eum
368 2698 458 2774 inde
484 2698 624 2774 alibro
651 2698 799 2774 decimo
828 2725 948 2798 usque
975 2700 1024 2775 ad
1050 2685 1142 2774 libri
1168 2709 1251 2773 XIV.

159 2827 275 2914 caput
309 2821 342 2911 8,
378 2816 445 2892 ubi
479 2816 519 2891 in
548 2815 667 2890 verbo
704 2811 856 2898 duriose
889 2820 988 2913 (295,
1019 2812 1078 2910 13)
1115 2815 1251 2912 deficit,

159 2959 193 3007 a.
232 2935 327 3008 1863
367 2933 406 3007 in
448 2931 491 3008 L.
534 2931 728 3029 Schopeni
767 2935 1027 3031 praeceptoris
1069 2933 1254 3009 carissimi

160 3075 268 3124 usum
291 3047 444 3124 contuli.
472 3049 709 3125 iamdudum
728 3051 829 3124 enim
846 3051 886 3126 in
899 3050 997 3124 votis
1012 3050 1085 3125 viri
1107 3049 1254 3147 egregii

159 3166 288 3240 fuerat
296 3157 437 3240 codicis
446 3163 655 3241 Florentini
664 3179 881 3241 accuratam
889 3166 1251 3260 nanciscinotitiam‚

160 3305 236 3379 quo
254 3306 412 3378 operam
433 3281 651 3356 incohatam
670 3282 881 3379 perficeret.
914 3308 1055 3380 nempe
1071 3283 1169 3358 bene
1195 3283 1252 3356 in·

159 3395 368 3492 tellexerat,
391 3397 431 3472 id
452 3425 569 3473 unum
592 3399 713 3498 priori
734 3399 936 3495 volumini,
957 3398 1061 3497 quod
1088 3397 1252 3474 admira-

160 3514 226 3588 bili
250 3513 400 3611 ingenii
424 3517 599 3590 acumine
623 3515 855 3615 perpolitum
884 3529 971 3590 ante
996 3515 1066 3589 hos
1091 3514 1253 3613 quadra·

161 3629 266 3726 ginta
275 3631 596 3728 annosediderat,
610 3657 687 3706 non
704 3633 786 3707 sine
798 3658 942 3730 magno
955 3631 1011 3708 rei
1021 3631 1250 3706 detrimento

161 3744 339 3822 defuisse.
379 3759 536 3846 accepta
566 3747 721 3824 tandem
754 3775 840 3824 mea
874 3748 1099 3842 conlatione,
1136 3772 1250 3846 quam
1370 3847 1371 3850 Ἴ

158 3860 255 3938 ultro
281 3862 360 3958 ipsi
378 3861 603 3958 obtuleram,
629 3863 678 3937 ad
699 3890 796 3964 opus
821 3864 886 3941 diu
909 3862 1167 3939 intermissum
1192 3890 1251 3940 re-

156 4005 286 4057 versus
320 3979 431 4055 brevi
465 3993 553 4056 ante
586 3994 748 4056 mortem
783 3983 994 4081 scripturae
1030 3969 1250 4078 discrepan-

156 4095 244 4172 tiar'n
269 4124 295 4173 a
320 4121 386 4172 me
412 4095 631 4172 adnotatam
662 4098 703 4172 in
735 4099 955 4199 exemplum
989 4125 1097 4174 suurn
1131 4111 1251 4172 trans·
1277 4095 1278 4098 ’

155 4211 253 4291 tulit:
280 4214 349 4290 hie
376 4212 584 4289 subsistere
610 4213 689 4289 fato
706 4216 846 4291 acerbo
872 4217 1025 4292 coactus·
1049 4229 1117 4291 est.
1156 4215 1253 4290 mihi

598 4399 778 4490 89:281
