2760 4756
187 417 208 488 6
567 435 690 494 suurn
711 389 909 520 conuenta

186 605 299 694 λτεροςΙ
324 602 446 694 χειμῶν
468 599 604 688 ου’όενός
624 613 691 680 τῶν
717 607 896 698 εἰρημένων
918 607 1062 677 ἐλάττων
1092 604 1182 701 αύτῷ
1212 613 1287 680 ἐπε·

185 711 335 798 γείρεται.
379 707 514 797 καὶγὰρ
536 700 721 796 όίνθρωπός
752 737 802 792 τις
834 705 874 779 ού
905 717 972 779 τῶν
991 713 1171 802 ἐπιφανῶν,
1202 706 1286 784 ἄλλό

186 811 245 900 τῆς
262 805 351 878 κύσω
373 804 470 896 τύχης
496 809 532 878 ἐκ
559 815 620 878 τοῦ
652 807 794 898 χάρακος
824 809 1016 898 ὁρμώμενος
1045 810 1105 881 τόν
1125 815 1185 881 τού
1208 819 1287 881 Διο-
1367 851 1373 902 j

186 911 298 998 γένους
318 905 390 980 visio
401 907 518 978 ἑαυτόν
532 903 623 980 εἶναι.
639 910 738 999 ἔλεγε,
762 908 825 980 κόίυ
840 913 962 994 ἐκεῖνος
976 908 1114 1003 φθάσας
1127 906 1284 1004 ἀνῃρέθη,

186 1006 328 1100 ὁπηνίκα
349 1008 408 1080 τόν
428 1010 511 1097 μετὰ
543 1015 610 1080 τῶν
635 1011 791 1100 Τούρκων
818 1011 899 1080 κατὰ
920 1011 979 1103 τήν
999 1007 1201 1098 Ἀντιόχειαν
1222 1012 1312 1086 resi-t
1364 1055 1368 1062 .

101 1177 111 1195 ,
162 1111 322 1201 ’λεμονό
345 1109 518 1200 Κομνηνός
540 1109 695 1194 Ἰσαίικιος
727 1115 781 1182 καί
811 1107 1015 1204 αύτύδελφος
1045 1117 1105 1184 τοῦ
1127 1109 1287 1202 αύτοκροί·

79 1221 81 1226 ’
186 1239 285 1302 τορος
299 1208 543 1306 συνεκρότησεν
567 1210 661 1295 ὅπως
685 1216 721 1282 δὲ
742 1218 790 1303 τῷ
813 1215 1114 1303 λεπτομερέστερον
1135 1217 1285 1312 ἐθέλοντι

126 1341 127 1344 ’
185 1311 370 1404 μανθάνειν
392 1314 517 1398 ἐξέσται
538 1311 610 1382 απὸ
632 1317 698 1381 τῶν
712 1325 772 1382 τοῦ
793 1317 921 1383 κλεινοῦ
941 1312 1110 1402 Καίσαρος
1125 1341 1286 1404 συγγραμ-

153 1429 178 1484 Ι)
185 1412 298 1502 μάτων
319 1417 504 1499 διευτυχεῖν.
547 1412 638 1502 παρὰ
664 1417 799 1483 πολλῶν
825 1417 885 1500 μέν
905 1403 963 1482 σόν
993 1415 1286 1502 ἐπιστομιζόμενος

187 1514 205 1584 ό
227 1525 377 1597 τοιοῦτος
400 1512 541 1584 ἐπαύετο
564 1510 725 1604 οὐδαμῶς.
767 1517 820 1583 καί
847 1514 906 1604 γὰρ
936 1505 1022 1608 ήλθε
1050 1516 1111 1602 μέν
1133 1505 1230 1597 οὗτος
1251 1517 1331 1600 ἐξιο

185 1611 344 1709 ἀνατολῆς
364 1617 465 1705 πένης
486 1643 522 1686 τε
543 1618 598 1684 καί
620 1621 859 1707 σισυροφορῶν,
892 1613 1159 1702 πανουργότατος
1180 1619 1217 1685 δὲ
1240 1613 1286 1684 ῶν

186 1719 240 1792 καὶ
260 1713 300 1786 τό
320 1705 407 1810 ήθος
428 1714 643 1805 πολύτροπος
661 1715 869 1806 περιενόστει
891 1715 949 1808 τήν
970 1713 1069 1786 πόλιν
1087 1718 1156 1786 κατ’
1175 1713 1287 1799 οἴκους

185 1844 222 1886 τε
245 1820 299 1886 καὶ
321 1818 522 1907 ῥυμοτομίας
543 1820 622 1905 περί
645 1814 763 1887 ἑαυτοῦ
784 1814 896 1906 ὑψηλοί
919 1817 991 1885 τινα
1017 1807 1211 1905 διαγγέλλων
1232 1820 1287 1884 καὶ

186 1916 233 2000 ῶς
244 1915 295 2007 εἴη
315 1923 376 1987 τού
395 1915 736 2006 προβεβασιλευκότος
749 1919 924 2005 Διογένους
945 1915 1017 1997 υίὸς
1028 1918 1130 1985 Λέων
1152 1918 1285 1999 ἐντείνας,

186 2013 226 2100 ὃς
246 2016 328 2088 κατὰ
350 2017 411 2109 τήν
431 2013 633 2103 Ἀντιόχειαν
654 2016 721 2088 όπὸ
741 2020 875 2104 βέλους,
909 2013 955 2098 τός
975 2014 1114 2106 εἴρηται,
1152 2020 1287 2106 πληγείς
1297 2041 1332 2092 15

77 2135 106 2192 Ρ.
126 2117 434 2212 λλλέτετελευτήκει.
480 2113 694 2204 α’ναβιῶσκων
722 2120 832 2188 τοίνυν
858 2117 917 2187 τόν
937 2116 1122 2206 τεθνηκότα
1147 2107 1286 2200 ούτοςό

186 2215 313 2308 όλαζῶν
333 2213 479 2307 τούνομύ
502 2246 538 2288 τε
560 2216 599 2288 τό
622 2219 746 2288 ἐκείνου
770 2217 876 2309 ἑαυτῷ
902 2221 1089 2307 περιετίθει
1111 2222 1165 2288 καί
1187 2245 1286 2312 φανε-

186 2326 254 2411 ρῶς
274 2322 440 2410 ἐβασιλεία
459 2323 514 2389 καί
534 2318 612 2402 τούς
633 2322 856 2411 κουφοτέρους
877 2317 1031 2410 ὑπήγετο.
1077 2310 1191 2413 καλήν
1223 2313 1287 2407 ύρα

186 2425 241 2492 καί
261 2428 363 2493 τούτο
387 2421 426 2492 τό
448 2419 557 2492 δεινόν
578 2419 723 2510 ἐπιθήκη
745 2425 811 2490 τῶν
831 2426 891 2490 τοῦ
912 2424 1073 2506 βασιλέως
1093 2427 1284 2513 συμφορῶν,

171 2519 301 2614 ῶσπερ
323 2549 355 2592 τι
386 2526 495 2611 δρᾶμα
526 2519 811 2612 ἐπιτραγῳόούσης
829 2517 917 2611 αύτῷ
949 2527 1007 2614 τῆς
1032 2519 1136 2610 Ίύχης
1168 2527 1287 2591 τοῦτον
1295 2544 1336 2598 20

185 2619 245 2694 τόν
271 2623 504 2709 κακοδαίμονα·
547 2624 602 2691 καί
623 2619 752 2710 ῶσπερ,
786 2616 894 2708 οἶμαι,
930 2618 961 2691 ολ
984 2626 1173 2713 τρυφῶντες
1203 2620 1286 2707 μετὰ

185 2721 245 2795 τόν
265 2719 364 2810 κόρον
386 2724 731 2813 ἐπιτραγηματίζονται
763 2727 829 2789 τῶν
856 2721 1067 2814 μελιπήκτων
1087 2720 1159 2791 τινὰ
1180 2747 1287 2810 προσ-

289 2831 313 2881 1.
331 2822 420 2882 αὐτῶν
429 2826 483 2883 OG.
519 2827 708 2898 ἐπεγχελρετυι.
719 2826 751 2881 G.
824 2829 849 2882 2.
868 2822 936 2880 ἀλλὰ
946 2829 993 2879 καλ
1002 2825 1031 2892 Ρ,
1052 2829 1097 2879 καλ
1108 2843 1162 2880 om.
1172 2825 1204 2879 F.
1228 2821 1286 2878 ἀλλ’

270 2899 318 2952 ’ἐκ
330 2901 377 2968 τῆς
389 2893 461 2954 κιίτιυ
473 2892 556 2970 τύχης
567 2899 615 2952 τοῦ
624 2893 749 2970 χάρακος
765 2897 799 2952 Α.
877 2899 903 2952 8.
922 2898 970 2951 τοῦ
988 2899 1042 2952 om.
1053 2897 1086 2952 G.
1163 2898 1190 2952 4.
1209 2898 1286 2970 ἔλεγε

287 2969 345 3038 FA,
363 2971 457 3039 ἔλεγεν
469 2970 518 3027 Ρ.·
573 2973 598 3024 5.
608 2963 753 3040 Ἀντιόχου
766 2969 820 3023 CG.
886 2970 912 3022 9.
925 2968 981 3041 μὲν
992 2960 1042 3022 σύν
1059 2986 1113 3023 om.
1125 2967 1178 3023 OG.
1215 2969 1286 3024 σεεν·

287 3037 1286 3182 καταπλεύσεταιτουπλικτυαλΐ·

285 3181 404 3250 λευτήιιει
425 3187 457 3239 G.
560 3186 601 3238 17.
619 3180 650 3237 τὸ
669 3201 723 3238 om.
743 3184 775 3237 F.
881 3185 923 3238 21.
945 3183 1033 3256 οἶμαι]
1052 3178 1105 3254 ἄρα
1124 3181 1178 3236 CG.

188 3254 339 3319 tempestus
364 3255 435 3310 nulii
461 3253 637 3323 superiorum
663 3255 837 3311 vehementia
864 3255 975 3309 cedens.
1017 3253 1113 3308 extitit
1135 3251 1208 3309 onim
1229 3270 1287 3310 nou

187 3338 222 3376 ex
239 3325 380 3382 nobilibus
395 3325 509 3396 quidem
528 3325 579 3381 sed
595 3324 707 3381 infimae
725 3325 809 3380 sortis
827 3343 843 3380 e
859 3325 960 3380 eastris
982 3325 1073 3394 homo,
1097 3324 1145 3394 qui
1171 3341 1199 3378 se
1219 3323 1286 3380 Dio-

187 3394 266 3466 genis
291 3395 381 3452 tilium
408 3395 575 3452 affirmabat.
619 3402 743 3453 attamen
770 3396 817 3452 hio
844 3397 1009 3452 interfectus
1033 3400 1094 3451 arat
1116 3412 1149 3450 eo
1167 3395 1285 3465 proelio,

186 3465 263 3536 quod
277 3487 341 3524 oum
353 3469 452 3524 Turois
466 3469 587 3524 isaacius
597 3469 755 3524 Comnenus
767 3469 945 3538 imperatoris
958 3467 1047 3522 irater
1060 3467 1095 3522 ad
1107 3466 1286 3522 Antiochiam

186 3541 396 3608 commisittdo
413 3557 468 3611 quo
489 3542 537 3609 qui
555 3542 712 3596 accuratius
724 3541 797 3595 seire
809 3539 894 3608 volet,
912 3539 995 3594 adeat
1010 3539 1223 3594 oommentarios
1241 3538 1287 3592 in-

158 3679 159 3682 *
186 3609 246 3664 oliti
265 3611 391 3668 Caesaris
409 3612 506 3667 nostri.
542 3612 567 3666 is
586 3612 683 3682 igitur,
710 3611 837 3681 quamvis
855 3627 872 3664 a
890 3609 986 3666 multis
1003 3610 1176 3679 refrenatus,
1194 3611 1286 3664 neuti-

186 3695 274 3749 quam
288 3689 381 3740 tamen
399 3685 527 3739 oossasit
562 3700 681 3753 namque
708 3684 743 3738 ab
761 3681 875 3738 Oriente
904 3698 1011 3752 pauper
1033 3687 1061 3736 ot
1086 3683 1174 3750 sisyra
1192 3685 1286 3736 teotus

187 3760 303 3810 venerat
321 3755 520 3826 praeditusque
538 3760 651 3809 versuto
667 3758 696 3809 ot
714 3754 815 3811 oallido
833 3755 946 3824 ingenio
967 3754 1062 3808 urbem
1076 3753 1200 3808 ostiatim
1213 3754 1287 3808 viea-
1357 3817 1363 3824 .

185 3823 292 3894 timquo
309 3828 476 3883 circumibat
494 3826 656 3896 praedioaus
675 3826 711 3881 de
729 3843 758 3881 sa
772 3825 890 3892 oxeelsa,
910 3825 1042 3880 nimirum
1054 3825 1187 3894 Diogenis
1204 3841 1285 3893 supe-

185 3895 269 3950 rioris
287 3899 467 3968 imperatoris
478 3897 567 3951 fitium
584 3915 614 3952 ss
627 3915 687 3952 esse
699 3897 834 3952 Leonem:
854 3897 911 3965 qui,
929 3899 962 3949 ut
972 3896 1040 3961 dixi,
1058 3895 1094 3950 sd
1105 3895 1286 3950 Antioohiam

181 3967 290 4036 sagitta
307 3971 380 4026 ietus
401 3969 548 4026 oeoiderat.
586 3969 659 4024 huno
676 3969 766 4039 igitur
784 3969 923 4037 impostor
944 3968 991 4023 ills
1010 3969 1163 4022 amortuis
1182 3967 1286 4021 exeita·

185 4046 230 4092 rat
247 4047 437 4111 usurpatoque
463 4042 523 4096 eins
550 4041 663 4094 nomine
689 4041 838 4110 imperium
859 4043 955 4108 aperte
981 4037 1132 4094 affectabat
1153 4037 1286 4092 leviores·

185 4125 239 4177 que
255 4112 286 4164 in
303 4111 432 4168 fraudem
449 4111 609 4167 inducebat
648 4109 703 4166 tuit
721 4111 774 4168 hoe
793 4111 956 4180 imperatori
974 4110 1074 4178 ingens
1088 4123 1285 4164 aerumnarum

184 4188 373 4253 augmentum,
392 4189 534 4252 umquam
547 4183 570 4238 si
583 4181 710 4237 Fortuna
748 4187 793 4237 ost
810 4181 984 4253 tragoediam
1002 4198 1105 4236 novum
1120 4180 1217 4235 drama
1235 4179 1284 4235 ad-

184 4250 308 4309 iunxerit
326 4255 433 4310 nutrio
451 4256 499 4310 illo
518 4255 547 4310 in
570 4271 695 4312 scaenam
738 4259 795 4309 ato.
831 4270 863 4309 ao
890 4258 968 4323 puto,
996 4253 1075 4309 velut
1098 4253 1172 4308 asoti
1193 4253 1284 4308 saturi

183 4321 243 4384 liba
252 4325 367 4399 mellita,
379 4331 414 4384 ut
423 4329 591 4398 λεεςειααλο,
608 4326 663 4382 sibi
678 4341 820 4397 apponere
830 4341 860 4380 so
872 4328 930 4398 eut,
943 4326 983 4382 sio
995 4325 1081 4381 stiam
1090 4323 1281 4381 Romanorum
