2760 4756
211 397 251 460 20
583 404 705 460 numne
725 404 920 460 communen

186 633 188 636 .
211 573 357 657 πελάσας
378 575 504 663 ὁμιλεῖν
526 574 723 664 ὑπεκρίνατο
750 585 797 670 τῷ
817 577 948 670 φύλακι,
979 575 1142 664 πρότερον
1171 580 1308 663 σημεῖον

211 675 289 758 δούς
309 683 356 767 τῷ
378 680 531 767 Διογένει,
563 681 615 760 ἵν’,
648 678 789 768 ὁπηνίκα
810 685 912 748 τούτο
937 676 1106 758 θεάσαιτο,
1132 671 1215 746 εύθύ
1248 680 1307 742 τοῦ

211 775 355 864 κάστρου
392 777 578 871 χωρήσειεν.
629 782 680 870 ἐφ’
716 778 825 848 ίκανὸν
857 781 894 849 δὲ
923 779 1214 865 προσποιουμένου
1248 774 1308 862 τήν

211 877 294 963 μετά
316 883 375 946 τοῦ
397 877 546 968 φύλακος
577 877 705 964 ὁμιλίαν
726 883 780 948 καί
810 877 896 966 ὅπερ
929 877 1065 969 φθάσας
1096 875 1233 945 δεδώκει
1261 879 1308 962 τῷ

212 976 419 1067 ψευδωνύμιμ
448 977 647 1067 ποιήσαντος
674 989 818 1069 σημεῖον,
851 979 966 1060 καθώς
995 977 1189 1066 ὁΔιογένης
1220 977 1333 1044 τοῦτ’5

213 1078 385 1161 ἐθεάσατο,
409 1079 498 1162 τινὰς
513 1076 753 1168 άναλαβόμενος
774 1080 975 1169 στρατιώτας
996 1075 1036 1149 ού
1055 1077 1140 1148 πάνυ
1152 1076 1306 1157 πολλούς,

212 1181 408 1264 θαρσαλέως
429 1176 553 1251 εἴσεισι.
589 1189 775 1271 περιχαρεῖς
796 1185 832 1252 δὲ
853 1188 920 1251 ταῖν
941 1178 1032 1261 ἐντός
1047 1179 1309 1263 ’ὑποδεξαμένων

212 1275 311 1348 αύτὸν
331 1285 385 1348 καί
406 1288 466 1351 τού
490 1289 715 1373 φρουροῦντος
736 1283 795 1374 τὴν
817 1281 968 1368 Πούτζαν
995 1283 1051 1350 ἐπὶ
1077 1279 1116 1349 τό
1137 1282 1309 1363 βαλανεῖον

213 1376 313 1450 αύτὸν
351 1386 619 1469 προκαλουμένου
658 1382 912 1470 συνωθούμενός
951 1410 986 1452 τε
1025 1383 1081 1450 ἐπί
1117 1385 1216 1450 τούτο
1255 1379 1309 1445 καὶ

96 1535 100 1542 .
182 1483 304 1569 Βπαρδ
325 1490 387 1552 τοῦ
415 1479 622 1566 Ἀλακασέως
650 1487 806 1553 πείθεται
835 1482 965 1564 τούτοις
994 1475 1105 1563 εύθύς.
1155 1474 1227 1548 εἶτα
1254 1473 1308 1546 δα·
1321 1493 1352 1545 10

100 1599 133 1655 V.
153 1599 203 1653 221
214 1589 296 1673 ψιλῇ
332 1582 495 1670 τράπεζαν
529 1579 617 1674 αύτῷ
653 1613 689 1654 τε
724 1587 778 1654 καί
809 1592 881 1666 τοῖς
911 1588 981 1670 μετ’
1014 1577 1113 1652 αύτοῦ
1143 1577 1310 1668 Κομάνοις

214 1689 411 1770 παρέθεντο.
456 1684 488 1754 oi
510 1689 546 1754 δὲ
569 1685 689 1767 πάντες
710 1685 795 1772 ὁμού
821 1683 938 1766 ἱκανῶς
965 1679 1187 1772 εύωχὴθέντες
1208 1685 1309 1769 πλησ-

215 1790 330 1869 θέντες
365 1789 400 1856 τε
437 1784 535 1868 οἴνου,
571 1780 609 1855 ὁν
641 1788 677 1871 ἐξ
708 1788 989 1874 ἐμπεπλησμένων
1025 1778 1133 1854 δοκῶν
1168 1777 1309 1868 ἅπερρό·

214 1913 330 1976 φησαν,
356 1888 479 1956 ἔκειντο
500 1890 674 1975 ῥέγχοντος.
712 1885 948 1973 περιελθόντες
969 1889 1006 1954 δὲ
1030 1880 1133 1964 ιε’·θύς
1153 1879 1253 1963 αύτός
1272 1907 1308 1948 τε

214 1985 232 2056 ὁ
255 1982 452 2068 Ἀλακασεύς
466 1991 519 2054 καί
537 1985 554 2055 ὁ
569 1987 682 2078 φύλαξ
694 1986 777 2074 μετά
790 2013 888 2056 τινοιν
908 1985 1027 2070 ἑτέρων
1041 1984 1118 2065 τούς
1132 2011 1167 2052 τε
1182 1987 1310 2062 ἵππους
1320 1999 1352 2050 15

212 2085 411 2178 ἀφελόμενοι
442 2093 497 2156 καί
528 2087 568 2155 τὰ
604 2087 692 2156 ὅπλα
720 2083 820 2156 αύτδν
851 2089 910 2173 μὲν
938 2081 1038 2156 αὐτοῦ
1067 2113 1134 2156 που
1157 2087 1310 2169 καταλιμ-

214 2187 355 2258 πάνουσι
378 2191 538 2276 ῥέγχοντα,
560 2186 639 2269 τούς
660 2191 690 2256 δ’
711 2187 768 2255 ὁπ’
800 2182 899 2256 αάτὸν
927 2182 1157 2279 άναιρήοαντες
1178 2187 1212 2254 ὲν
1233 2180 1311 2252 διιό-

215 2293 286 2377 ρυξί
306 2315 390 2358 τισιν
411 2283 539 2369 εύθέως
560 2283 748 2376 α’πέρριψαν
770 2286 883 2373 ὥσπερ
907 2285 955 2370 ε’ίς
975 2315 1063 2368 τινας
1075 2285 1201 2377 τάφους
1213 2279 1311 2352 αύτο-

216 2397 320 2480 φυεῖς.
367 2387 385 2456 ὁ
408 2392 443 2457 δὲ
465 2387 667 2456 Κατακαλούν
688 2387 921 2476 παρεπόμενος
941 2395 988 2478 τῷ
1009 2392 1187 2475 Κομανικῴ
1211 2411 1310 2470 στρα-

215 2491 349 2577 τεύματι
373 2487 453 2557 κατὰ
473 2489 531 2570 τὰς
550 2495 608 2558 τοῦ
628 2493 788 2575 βασιλέως
803 2489 1069 2578 ὁποθημοσύνας,
1093 2490 1167 2557 ἐπεὶ
1187 2489 1310 2556 ἐκεῖνον
1320 2500 1355 2554 20

187 2592 275 2675 Ομὸν
296 2587 386 2670 ἐντός
412 2586 608 2658 εἰσελθόντα
636 2595 696 2658 τού
722 2588 862 2679 κύοτρου
892 2588 1065 2671 ἐθεάσατο,
1099 2586 1177 2669 τούς
1207 2589 1244 2655 δέ
1274 2611 1309 2672 γε

217 2688 390 2777 Κομάνους
424 2690 471 2771 είς
506 2691 676 2779 προνομὴν
714 2693 1018 2773 διασκεδασθέντας,
1056 2684 1218 2757 άπελθοίν
1253 2683 1311 2778 τόν

317 2851 340 2902 1.
360 2845 522 2918 ὑπεκρίνατο
531 2847 564 2915 F,
583 2845 741 2918 ὑπεκρίνετο
750 2849 805 2903 ΡΑ.
894 2853 919 2904 4.
939 2842 1109 2902 ίδεδιόκειΑ.
1193 2847 1218 2898 ὁ.
1235 2839 1311 2910 ποιή-

316 2935 416 2977 σαντας
425 2919 457 2973 G.
541 2924 565 2974 7.
585 2921 771 3004 περφναρῆςΑ.
857 2922 882 3004 θ.
902 2922 1127 3005 προκαλουμένφυ
1138 2917 1169 2982 F,
1189 2931 1311 2986 προσκα-

316 2993 449 3060 λουμένου
457 2992 490 3054 Α,
510 2994 734 3062 προκαλουμενον
742 2993 770 3046 P.
823 3011 906 3062 τουιφ
916 2995 950 3046 Α.
1030 2993 1071 3044 10.
1093 2989 1309 3046 attenuatum.

320 3065 359 3116 12.
377 3067 530 3132 παρέθεντο
540 3061 563 3115 F
565 3064 598 3131 A,
620 3068 757 3134 παρέθετο
765 3063 793 3116 P.
845 3066 885 3117 14.
905 3059 1011 3118 uirbst
1061 3063 1101 3114 15.
1120 3055 1310 3118 άλεκασεύςΑ.

317 3136 358 3188 16.
379 3151 502 3188 novom.
523 3133 577 3190 OG.
665 3137 727 3189 ·17.
747 3135 779 3189 δὲ
797 3135 828 3190 G.

217 3295 257 3348 lut
275 3296 353 3364 signo
381 3295 446 3349 dete
474 3295 600 3366 Diogeni,
628 3302 667 3365 ut,
695 3299 860 3369 simulatque
888 3299 917 3353 id
943 3297 1138 3368 conspexisset,
1166 3293 1311 3349 eonieetim

217 3371 338 3420 oestrum
355 3367 482 3421 intraret.
519 3369 613 3438 itaque
630 3387 693 3423 eum
719 3369 860 3438 praesente
887 3387 1011 3425 sermone
1039 3367 1142 3422 fietieio
1170 3365 1218 3420 diu
1248 3383 1311 3434 pro-

217 3437 301 3492 ducto
310 3437 431 3507 datoque
441 3439 552 3494 tandem
562 3440 748 3511 pseudonymo
760 3443 839 3511 signo
854 3441 1020 3513 quodmodo
1033 3439 1204 3494 iudicaverat
1212 3437 1311 3506 Dioge-

217 3527 273 3573 nes,
292 3508 321 3563 id
340 3510 388 3565 ubi
406 3510 485 3572 vidit,
504 3528 566 3564 eum
585 3513 680 3582 peueie
698 3513 832 3567 militibus
852 3514 982 3568 audenter
999 3514 1138 3582 ingressus
1156 3510 1191 3562 eb
1209 3510 1245 3563 iis
1263 3509 1311 3578 qui

216 3582 292 3640 intus
304 3586 383 3634 erent
396 3581 497 3635 blande
516 3583 653 3652 excipitur
666 3589 695 3638 et
707 3602 724 3637 ε
736 3585 922 3654 gubernatore
935 3584 1036 3638 Putzne
1054 3584 1190 3636 invitetur
1207 3579 1242 3634 nd
1255 3579 1312 3634 bel·

216 3669 315 3720 neum3
334 3653 369 3706 ud
388 3653 462 3722 quod
483 3654 516 3707 eb
537 3655 664 3710 Alumeee
687 3673 797 3725 quoque
825 3657 957 3726 impulsus
982 3656 1076 3710 statim
1100 3669 1205 3707 morem
1228 3652 1311 3721 gerit.

216 3725 341 3794 copiosae
360 3725 424 3780 dein
444 3725 542 3793 epulae
563 3731 591 3780 et
609 3729 663 3796 ipsi
681 3733 709 3781 et
721 3727 851 3782 Comenir.
866 3734 1058 3798 apponuntur-3
1078 3724 1126 3797 qui
1138 3740 1202 3777 mox
1217 3739 1312 3777 omnen

217 3802 260 3850 eut
277 3796 381 3865 epulati
406 3797 569 3866 impletique
592 3799 664 3864 vino,
688 3799 761 3867 quod
781 3817 796 3852 e
813 3801 902 3868 plenis
926 3801 1037 3854 utribun
1062 3798 1218 3861 hauserant,
1243 3799 1312 3848 ster·

216 3871 305 3921 tentes
333 3869 465 3922 ieeebent.
507 3872 706 3937 superveniunt
733 3875 824 3924 eutem
855 3873 947 3925 stetim
980 3877 1009 3924 et
1035 3872 1094 3939 ipse
1114 3867 1260 3921 Aleeeeeue
1283 3871 1312 3919 et

216 3938 372 4006 praefectus
390 3957 452 3995 eum
472 3940 613 3994 nonnullis
631 3942 692 3995 nliie
711 3943 889 4011 omniumque
912 3942 996 3996 ermis
1020 3947 1048 3996 et
1067 3941 1145 4010 equit
1169 3937 1313 3992 subductis

217 4011 307 4078 iprum
325 4016 487 4066 stertentem
507 4013 547 4066 ibi
566 4013 739 4082 relinquunt3
767 4018 798 4067 et
815 4021 928 4080 eeteros,
953 4029 1070 4082 quorum
1094 4011 1150 4065 dux
1174 4015 1242 4071 eret,
1268 4025 1312 4062 ne-

217 4086 281 4134 cent
308 4087 391 4152 etque
417 4085 445 4136 in
469 4085 614 4153 voragines
637 4083 769 4153 quaedum
789 4086 865 4139 velut
892 4087 921 4138 iu
945 4085 1069 4153 repulere
1090 4087 1192 4136 nutura
1215 4086 1314 4148 purete

218 4154 313 4206 stetim
336 4156 485 4208 eonieiunt.
530 4156 643 4208 interim
666 4155 791 4210 Ceteeelo
815 4175 849 4210 ex
871 4157 1049 4225 imperatorie
1072 4153 1200 4208 mundato
1219 4153 1314 4205 Come·

218 4241 318 4277 nurum
338 4227 491 4280 exereitum
509 4227 682 4297 subsequens,
703 4245 766 4282 eum
785 4229 814 4281 in
833 4243 923 4283 ereem
943 4227 1021 4281 illum
1039 4228 1192 4297 ingreeuum
1205 4223 1314 4277 videret

218 4294 405 4366 Gomnnoeque
424 4297 587 4366 pabulatum
607 4300 831 4368 circumspersos,
848 4316 935 4370 prope
954 4299 1050 4355 urbem
1069 4313 1152 4368 quem
1170 4295 1253 4352 modo
1272 4293 1313 4349 di·
