2760 4756
437 448 629 500 ALEXIADIS
651 448 720 498 LIB.
743 449 776 499 X.
798 442 826 500 4.
1135 440 1172 500 21

79 615 205 701 χάρακα·
231 613 383 706 ἐπήξατο
417 610 517 703 α’γχοῦ
552 639 619 681 που
654 619 712 702 τῆς
745 611 884 696 πόλεως,
918 609 956 705 ἣν
986 614 1176 707 φθάσαντες

80 709 303 801 ὠνομάσαμεν.
362 713 382 784 ὁ
414 719 449 784 δὲ
479 710 676 802 Ἀλακασεύς
706 721 772 783 τῶν
795 713 961 801 Κομάνων
988 715 1175 801 ἁπανταχοῦ

81 818 325 902 διασπαρέντων
352 810 410 884 ούκ
432 813 595 904 ἐθάρρησε
618 819 761 904 δηλῶσαι
782 821 860 904 περὶ
874 815 991 886 τούτου
1014 823 1061 907 τῷ
1081 811 1174 886 αύτο-

82 916 219 1004 ιράτορι,
244 912 328 986 άλλδ
343 912 582 1014 α’ναλαβόμενος
596 923 718 986 τοῦτον
735 924 794 1008 τῆν
808 917 951 987 κατευθύ
972 922 1175 1006 Ίζουρουλοῦ

63 1013 211 1108 tilenses*
248 1017 295 1100 ὦς
327 1019 413 1104 πρὸς
444 1016 502 1106 τὴν
534 1017 769 1104 βασιλεύουσαν
799 1013 1031 1106 ἀπερχόμενος.
1073 1043 1197 1106 μεμα-·

84 1128 202 1208 θηκυῖα
226 1121 262 1189 δὲ
284 1125 383 1188 τοῦτο
406 1116 424 1208 ἡ
446 1123 508 1186 τοῦ
535 1121 694 1204 βασιλέως
712 1117 817 1210 μήτηρ
838 1124 891 1188 καί
920 1123 1077 1188 δέσποινα
1098 1122 1177 1204 περὶ

84 1220 118 1288 τά
136 1222 287 1304 βασίλεια
309 1220 554 1304 ἐνδιατρίβουσα
575 1213 677 1300 εύθδς
704 1218 762 1287 τὸν
783 1217 993 1308 δρουγχάριον
1020 1225 1079 1288 τοῦ
1100 1215 1176 1288 στύ-

85 1325 137 1390 λου
159 1320 362 1406 Κιιμιντανδν
383 1324 440 1386 τὸν
461 1321 612 1405 ἔκτομίαν
634 1316 821 1389 Εύστάθιον
847 1320 901 1389 διά
930 1319 1047 1405 τάχους
1072 1314 1175 1389 άπὲο-

85 1426 192 1504 τειλεν,
216 1423 268 1512 ἐφ’
290 1409 317 1511 ᾦ
343 1421 403 1490 τδν
431 1427 581 1490 τοιοῦτον
607 1425 809 1509 παραλαβεῖν
838 1426 891 1490 καὶ
920 1422 1100 1510 εἰσαγαγεῖν
1128 1421 1176 1503 είς

54 1521 138 1612 locist
156 1520 388 1611 μεχαλόπολιν.
426 1520 444 1590 δ
467 1524 503 1591 δὲ
526 1522 609 1605 ἔχων
629 1525 707 1607 μεθ’
730 1521 845 1591 ἑαυτοῦ
860 1521 1005 1609 Τούρκύν
1026 1550 1096 1592 τινα
1109 1531 1209 1592 lio-D

86 1622 183 1714 μύρην
204 1619 444 1709 ὀνομαζόμενον
464 1623 512 1704 είς
533 1622 591 1712 τὴν
610 1620 727 1692 τούτου
750 1623 955 1714 ἕκτύφλωσιν
977 1630 1024 1713 τῷ
1036 1623 1176 1712 τοιούτῳ

88 1724 248 1815 ἐχρήσατο.
294 1722 312 1793 δ
335 1727 371 1793 δὲ
393 1719 604 1812 αύτοκράτωρ
628 1723 676 1794 ἔτι
698 1724 758 1808 είς
774 1719 943 1812 Ἀγχίαλον
969 1727 1173 1813 εἠααρτεριῖιν,

88 1824 284 1915 μεμαθηκώς
302 1825 361 1894 cdv
384 1827 440 1894 ἐπὶ
460 1831 500 1917 τῇ
522 1831 673 1919 προνομῇ
699 1832 766 1894 τῶν
794 1828 1041 1913 παρακειμένων
1060 1832 1176 1913 χωρῶν

91 1925 267 2012 σκεδασμὸν
287 1932 353 1994 τῶν
369 1924 540 2011 Κομάνων,
556 1921 685 2012 άπάρας
707 1929 837 1996 ἐκεῖθεν
858 1925 1094 2014 καταλαμβάνει
1116 1925 1176 2016 τήν

60 2027 197 2115 Ιῡμικράν
219 2028 365 2095 Νικαίακ.
411 2024 455 2108 ιδς
483 2029 519 2096 δὲ
538 2025 736 2118 μεμαθηκοι,
768 2025 818 2097 ὅτι
847 2025 1016 2116 δΚιτζῆς,
1050 2026 1177 2118 ἡγεμών
1231 2049 1233 2054 ’

93 2131 121 2196 δὲ
135 2116 230 2209 οὗτος
242 2121 293 2208 εἷς
306 2132 373 2194 τῶν
387 2133 446 2195 τοῦ
463 2133 651 2213 Κομανικοῢ
672 2126 920 2214 στρατεύματος,
937 2124 1176 2214 άναλαβύμενος

96 2226 260 2314 Κομάνους
282 2230 508 2313 ποσουμένους
529 2228 577 2309 είς
598 2227 725 2298 δώδεκα
747 2228 890 2314 χιλιάδας
911 2231 964 2297 καί
987 2228 1034 2310 εἷς
1055 2256 1174 2316 προνο·

95 2331 147 2417 μὴν
169 2327 307 2410 τούτους
338 2331 531 2416 διασπείρας
560 2331 648 2396 λείαν
679 2356 715 2398 τε
747 2328 871 2422 πολλὴν
903 2329 1088 2417 συναγαγών
1119 2328 1176 2399 τάν

97 2423 198 2513 εύχένα
217 2435 276 2498 τοῦ
301 2426 522 2515 Ταυροκώμου
555 2433 737 2521 κατείληφε,
761 2430 819 2511 τάς
847 2429 906 2499 ὑπ’
935 2430 1033 2499 αὐτὸν
1060 2425 1175 2499 α’ναλα-

67 2527 220 2614 ιῠβύμενος
240 2527 400 2616 δυνάμεις,
424 2529 594 2599 κατελθών
619 2529 708 2616 παρά
729 2536 775 2620 τῷ
808 2534 906 2615 χείλει
940 2527 1083 2619 εἱστήκει
1114 2543 1177 2600 τοῦ

101 2637 233 2716 ποταμοῦ
253 2636 313 2699 τοῦ
333 2631 415 2698 κατά
435 2630 493 2723 τὴν
514 2629 656 2700 πεδιάδα
683 2628 741 2721 τήν
763 2629 915 2700 κάτωθεν
941 2637 1000 2699 τοῦ
1024 2629 1174 2701 τοιούτου

103 2725 213 2814 αύχὲνος
235 2733 436 2821 διακειμένην
457 2735 595 2821 ῥέοντος.
627 2731 732 2813 τόπος
753 2733 789 2802 δὲ
811 2720 910 2813 οὗτος
924 2735 1048 2844 πλήρης
1062 2759 1176 2818 χαμαι-

186 2872 208 2922 2.
226 2863 416 2941 ὠνομάσαμεν
433 2868 461 2940 C,
481 2864 663 2941 δνομάσαμεν
680 2869 709 2924 Ρ.
803 2872 827 2922 4.
846 2865 894 2936 τὴν
911 2885 963 2923 om.
982 2868 1014 2932 Α,
1035 2870 1176 2936 τηνικαῦτα

189 2939 237 2994 CG.
294 2942 449 3011 Τζουρουλη]
466 2941 498 2996 G.
585 2945 609 2996 6.
629 2944 674 2994 καὶ
692 2942 826 2994 δέσποινα
843 2941 874 3006 F,
894 2957 947 2995 om.
961 2939 991 2994 P.
1079 2943 1103 2994 8.
1124 2947 1176 2994 Κυ-

187 3009 423 3081 μινιανὸνῦθω),
444 3010 665 3084 ΚυμινειικνὸνΡ.
731 3015 771 3066 10.
790 3007 1003 3082 Καρμύρηνῦθ.
1071 3012 1111 3065 11.
1130 3032 1176 3064 κα-

187 3078 317 3154 λούμενον
327 3083 381 3138 OG.
438 3086 478 3138 12.
497 3081 702 3155 δμκαρτερόνίδ.
752 3086 794 3138 16.
813 3085 867 3137 τῶν
877 3084 908 3150 F,
928 3101 980 3137 om.
991 3082 1021 3137 P.
1072 3085 1111 3138 17.
1128 3103 1176 3137 πο-

188 3154 370 3226 σοιιμένοιςθ.
408 3155 475 3209 δέκα
485 3155 539 3212 CG.
578 3157 617 3210 19.
633 3151 873 3226 Ταυροκύμουῦῦ.
910 3153 953 3210 20.
973 3151 1003 3208 τὸ
1021 3157 1112 3225 χεῖλος
1121 3147 1175 3209 OG.

189 3229 306 3279 claretum
314 3225 344 3294 P,
363 3227 480 3282 correxi.
579 3230 622 3281 22.
642 3227 818 3299 διακειμένην
835 3225 946 3296 scripsi:
964 3226 1137 3297 διακειμένου
1146 3227 1174 3281 Ρ.

110 3342 182 3422 ¹uinus
196 3353 282 3404 cestre
299 3353 402 3419 posuit.
437 3349 484 3404 sed
502 3351 649 3406 Alaenseus
675 3350 766 3404 effusis
789 3350 891 3419 ubique
910 3349 1036 3404 Comanis
1063 3349 1177 3403 remed

111 3424 279 3482 mentorem
297 3421 400 3476 referre
427 3439 482 3476 non
511 3423 637 3487 audebat,
665 3421 712 3476 sed
730 3439 793 3477 cum
822 3422 932 3490 captivo
960 3420 1007 3474 illo
1026 3419 1175 3474 Tzurulum

111 3491 170 3540 feti&
192 3493 268 3559 petiit
296 3491 555 3562 Constantinopolin
587 3511 755 3547 reversurus.
803 3510 858 3562 quo
888 3491 983 3546 audito
1010 3497 1099 3546 muter
1124 3493 1175 3544 im·

111 3564 221 3640 pentorn
238 3569 265 3617 et
283 3563 404 3632 domine,
423 3582 493 3634 quae
510 3567 539 3618 in
557 3565 661 3634 palatio
679 3565 755 3634 regio
774 3563 807 3618 de
842 3565 899 3632 bet,
922 3564 979 3618 sine
997 3580 1075 3617 mora
1091 3563 1175 3616 drun-

111 3642 196 3709 ganum
219 3635 309 3690 classis
337 3635 527 3705 Cyminienum
555 3635 731 3692 Enstethium
760 3654 791 3705 sp
828 3652 908 3690 onem
936 3635 1064 3690 celeriter
1092 3634 1175 3702 misit,

112 3713 151 3764 qm
163 3703 233 3759 istum
252 3708 390 3776 acciperet
408 3713 491 3778 atque
508 3709 537 3761 in
558 3708 654 3764 urbem
672 3709 792 3764 duceret.
821 3709 953 3762 issecum
970 3706 1090 3759 habebut
1108 3704 1176 3758 Tur·

112 3782 157 3852 0²11?
171 3777 297 3843 quendem
317 3778 460 3848 Cnmyren,
476 3779 553 3833 cuius
577 3796 661 3849 opere
679 3779 714 3834 εδ
733 3796 795 3832 eum
821 3776 1019 3833 excaecandum
1043 3794 1107 3830 usus
1127 3781 1176 3832 eet.

112 3843 280 3914 Ιῑῑὶιυηετείοι·
301 3867 473 3904 commorans
501 3853 646 3904 etiamtum
665 3849 799 3917 Anchiali,
827 3867 889 3906 cnm
913 3849 1045 3902 Cumanos
1071 3847 1106 3902 εδ
1132 3847 1176 3901 δε·

113 3915 252 3975 medendus
281 3920 437 3975 adiacentes
464 3922 591 3991 regiones
617 3921 754 3992 dispersos
785 3921 942 3986 audivisset,
967 3919 1064 3973 cestris
1093 3919 1177 3974 motis

112 3997 200 4048 lmen
215 3992 277 4046 inde
294 3991 424 4047 Nicaeam
443 3995 540 4062 petiit;
562 3993 657 4062 ibique
673 3993 785 4064 cognito
805 3993 908 4058 Cimon,
925 3991 972 4059 qui
995 3996 1055 4044 eret
1074 4008 1145 4044 unus
1163 4007 1178 4044 ε
1220 4007 1233 4032 ›‘

112 4049 223 4138 Consum
240 4066 378 4118 exercitus
395 4063 519 4126 ducibus,
538 4082 600 4118 cum
619 4063 764 4119 duodecim
783 4062 974 4118 seremillibns
986 4062 1177 4126 barbarorum,

112 4127 189 4190 qubus
204 4135 236 4188 εδ
255 4134 444 4205 pabulendum
463 4137 564 4205 sparsis
582 4137 723 4206 ingentem
741 4135 870 4205 praedem
891 4134 1047 4204 collegerat,
1066 4133 1101 4186 εδ
1119 4133 1178 4187 feu·

112 4198 300 4260 0θῦΤειιτοοοωί
320 4206 481 4272 consedisse,
492 4209 584 4276 copias
598 4225 659 4262 suae
671 4208 813 4262 contraxit
830 4211 858 4260 et
876 4206 911 4259 εδ
930 4206 1006 4275 ripss
1023 4206 1119 4271 omnis,
1130 4206 1178 4273 qui

114 4281 151 4332 lif
163 4274 296 4342 planitiem
314 4277 379 4331 fluit
396 4278 456 4332 istis
475 4278 601 4332 faucibus
619 4279 768 4344 subditum,
786 4277 937 4332 descendit.
974 4280 1034 4330 erat
1052 4293 1083 4330 εε
1101 4277 1178 4345 regio

115 4336 176 4406 olem
190 4350 357 4422 trixaginum
377 4350 561 4419 arborumque
574 4349 753 4405 novellarum.
783 4349 824 4404 ibi
836 4349 977 4403 subsidere
991 4348 1082 4419 copies
1100 4347 1180 4400 iussit
