2760 4756
151 435 218 486 vm
590 434 805 488 PRAEFATIO·
901 435 903 442 '

27 705 28 708 Ἴ
150 631 241 680 vero
259 604 475 698 conlatione
488 607 572 704 ipsa
587 632 672 682 mea
683 609 720 682 in
738 607 888 682 scriniis
901 606 1092 705 Schopeni
1105 608 1248 685 frustra
1374 665 1378 678 ,

155 724 328 822 quaesita
353 723 577 823 apographo
606 725 693 800 cius.
708 723 893 799 utendum
920 723 1003 800 fuit.

252 838 484 938 Plerumque
519 865 605 912 cum
634 839 857 914 Florentino
892 842 1095 940 conspirat,
1130 842 1247 917 inter·

153 955 242 1032 dum
279 982 365 1032 aum
396 956 554 1054 corrigit
588 957 756 1054 epitome
781 956 981 1032 Alexiadis
1016 956 1082 1047 (A)
1110 957 1248 1034 Annae

153 1073 372 1150 Conmenae
397 1085 522 1148 astato
545 1072 721 1146 confecta
747 1068 809 1166 (of.
831 1097 928 1169 quae
955 1074 1099 1170 optime
1126 1072 1174 1148 de
1192 1099 1249 1149 *ea

153 1188 362 1288 disputavit
390 1189 613 1285 Schopenus
646 1190 768 1287 praef.
803 1197 891 1257 XVII
924 1191 1032 1288 sqq.),
1070 1215 1167 1288 quae
1203 1217 1262 1266 ex,

35 1303 36 1310 ’
152 1305 286 1380 codice
297 1305 524 1403 Augustano
547 1329 649 1380 nuno
663 1306 883 1380 Monacensi
910 1332 1006 1381 saec.
1022 1317 1079 1376 XV
1095 1307 1246 1396 (Graec.

154 1429 283 1490 cchv
309 1447 344 1495 v.
372 1422 501 1497 Hardt
525 1422 634 1497 catal.
663 1421 752 1530 cod.
771 1424 859 1500 Mss.
884 1423 1021 1499 Graec.
1048 1423 1140 1500 bibl.
1167 1450 1248 1522 reg.

151 1538 288 1616 Bavar.
315 1548 356 1608 IV
391 1543 436 1612 27
472 1541 544 1638 sq.)
573 1565 595 1614 a
621 1539 665 1613 D.
693 1537 926 1615 Hoesohelio
954 1567 987 1628 a.
1022 1543 1117 1614 1618
1145 1540 1249 1616 edita

153 1669 220 1732 ost.
270 1681 385 1754 quem
425 1655 597 1730 codicem
636 1656 904 1731 benevolentia
944 1657 1074 1735 Caroli
1104 1655 1250 1731 Halmii

91 1777 92 1786 ’
154 1775 316 1870 contigit
343 1784 383 1846 ut
398 1771 653 1848 Vratislaviac
680 1757 787 1846 domi
813 1798 922 1848 meas
948 1775 1139 1874 inspicere
1162 1798 1249 1868 pos·
1361 1865 1362 1868 Ἴ

153 1915 244 1964 scm.
293 1873 525 1988 quamquam
558 1891 599 1963 in
633 1890 706 1962 hac
733 1889 930 1964 Alexiadis
956 1903 1065 1988 parts
1091 1889 1249 1963 minoris

154 2006 320 2104 epitome
339 2005 511 2078 utilitatis
538 2017 603 2095 est,
630 2006 720 2101 quia
739 2005 932 2078 breviator
953 2005 1001 2077 ad
1025 2004 1139 2078 finem
1159 2028 1247 2102 pro·

152 2147 302 2218 perans,
337 2147 420 2196 cum
455 2145 554 2218 quae
579 2145 645 2193 sex
679 2119 786 2192 libris
813 2119 927 2192 Anna
957 2133 1182 2217 exposuerat
1209 2119 1248 2192 in
1285 2119 1289 2134 '

154 2264 270 2312 unum
304 2237 446 2311 librum
484 2237 548 2334 qui
583 2236 774 2331 epitomae
802 2248 957 2309 octavus
992 2248 1049 2309 est
1082 2237 1247 2334 cogeret,

153 2353 320 2453 plurime
347 2353 611 2452 praetermisit.
655 2367 821 2426 ceterum
850 2352 889 2425 in
916 2352 1141 2447 testimoniis
1169 2354 1249 2427 eius

154 2469 374 2544 adferendis
404 2496 488 2544 eam
515 2469 616 2543 viam
651 2469 757 2542 tenui
791 2481 832 2540 ut
865 2468 1075 2564 scripturae
1109 2466 1250 2543 discre-

154 2587 324 2684 pantiam
356 2585 438 2659 solo
468 2583 667 2658 breviandi
703 2583 830 2657 studio
858 2597 985 2657 natam
1014 2609 1168 2659 omnem
1191 2610 1249 2659 re·

154 2727 335 2776 secarem.

175 2917 177 2920 Ι
254 2819 401 2910 Quibus
425 2818 582 2892 testibus
605 2817 721 2912 longe
744 2815 1030 2914 posthabendas
1053 2829 1110 2891 est
1127 2816 1250 2891 codex

155 2933 411 3010 Coislinianus
426 2959 522 3009 saec.
533 2943 592 3001 XII
601 2929 673 3028 (C),
687 2932 1036 3030 ⁴quinuneParisiis
1054 2932 1092 3006 in
1113 2933 1249 3006 biblio-

154 3053 267 3128 theca
277 3051 562 3144 maximaextat,
576 3074 734 3124 numero
745 3050 843 3124 inter
854 3050 1109 3127 Coislinianos
1120 3056 1250 3116 cccxl„

154 3167 335 3262 signatus.
375 3165 423 3241 cf.
454 3167 701 3239 Montfauoon
733 3165 827 3240 bibl.
859 3165 974 3240 Coisl.
1002 3193 1038 3264 p.
1067 3169 1137 3238 521
1166 3189 1249 3262 sqq.

157 3295 193 3356 et
211 3282 400 3381 Schopen.
427 3281 549 3378 praef.
565 3309 601 3378 p.
620 3291 673 3354 IX.
690 3280 852 3356 eundem
875 3280 1043 3354 codicem
1070 3281 1158 3354 olim
1178 3281 1252 3354 To-

156 3397 262 3474 losae
287 3399 405 3472 fuisse
438 3399 610 3495 suspicor
638 3411 754 3496 atque
780 3423 803 3471 a
830 3396 986 3472 Cuiacio
1009 3395 1138 3470 vFabro
1161 3397 1251 3470 Pos-

157 3515 240 3588 sino
268 3514 493 3589 adhibitum.
533 3516 582 3588 of.
609 3515 796 3612 Schopen.
825 3514 1091 3612 praef.p.V11.
1113 3522 1171 3580 XX
1194 3539 1251 3611 sq.

157 3633 188 3704 is
212 3657 234 3704 a
256 3631 494 3729 calligrapho
518 3632 681 3731 scriptus
710 3644 775 3724 est,
805 3629 870 3727 qui
896 3655 973 3703 non
1000 3641 1076 3703 tam
1101 3630 1253 3704 veritati

158 3772 273 3844 quam
299 3747 417 3821 nitori
443 3748 655 3845 scripturae
690 3771 846 3845 operam
875 3745 1003 3820 dedit:
1042 3771 1112 3820 nec
1137 3745 1252 3820 inter-

157 3862 419 3959 polationibus
450 3863 615 3938 inmunis
650 3876 717 3936 cst.
770 3885 845 3958 quo
880 3862 1002 3955 magis
1043 3859 1253 3934 dolendum

158 3978 311 4052 videtur
339 3979 379 4052 in
406 3993 576 4054 extremo
600 3979 735 4052 Annae
762 4003 888 4076 opere,
917 3977 985 4052 ubi
1011 3977 1253 4050 Florentinus

158 4121 228 4170 nos
248 4096 385 4196 deficit,
413 4097 464 4172 ad
478 4096 753 4172 Coislinianum
781 4120 851 4168 nos
875 4094 1083 4191 confugere
1099 4091 1251 4168 dobere.

159 4211 327 4312 reliquos
367 4214 468 4288 enim
506 4211 704 4288 Alexiadis
740 4212 807 4309 qui
844 4212 1092 4285 innotuerunt
1133 4208 1253 4283 libros
