2760 4756
468 453 663 506 nnamms
686 423 764 505 amq
778 451 812 504 x.
836 445 864 504 5.
1174 435 1215 501 29

110 615 199 686 πάνυ
226 619 449 706 ε’παληδεῦον.
491 621 545 696 καί
573 615 632 688 οῦκ
661 614 908 700 άναπεπτώκει,
937 612 1020 686 άλλδι
1048 618 1214 697 παντοίως

110 715 395 804 παρεσκευάζετο,
423 717 508 788 ιίίστε
536 725 650 809 καιροῦ
677 723 857 800 καλοῦντος
886 719 1019 804 ἕτοιμον
1049 715 1133 805 πρὸς
1156 715 1215 797 τάς

107 817 217 904 μάχας
239 813 334 908 εἶναι.
377 822 430 888 καί
451 817 510 906 γάρ
532 823 586 888 καὶ
607 823 704 888 πλέω
721 823 774 888 καί
796 817 1011 910 φοβερώτερα
1032 821 1099 885 τῶν
1113 843 1215 907 φημι-

111 922 262 1005 ζομένων
281 916 385 1006 λόγων
405 909 485 1010 ἦσαν
505 920 546 989 τά
567 918 752 1009 πράγματα.
796 926 887 990 πῦσα
907 917 968 1008 γάρ
983 917 1003 1008 ἡ
1018 918 1143 1005 ἑσπέρα
1161 921 1215 984 καί

83 1018 246 1097 εάπόσον
268 1023 360 1108 γένος
380 1019 554 1108 βαρβάρων
575 1020 634 1112 τὴν
655 1023 804 1107 πέραθεν
824 1018 958 1108 Ἀδρίοο
985 1021 1096 1106 μέχρις
1115 1017 1214 1108 Ἡρα·

109 1125 232 1190 κλείων
254 1124 382 1209 στηλῶν
406 1121 546 1211 κατῴκει
572 1128 645 1211 γῆν,
674 1120 764 1191 ἅπαν
794 1117 926 1208 άθρύον
959 1126 1216 1208 μεταναστεῦσαν

109 1225 170 1290 ἐπί
190 1221 253 1312 τὴν
274 1218 388 1290 Ἀσίαν
408 1221 461 1292 διὰ
484 1229 542 1312 τῆς
567 1221 642 1312 ἑξῆς
666 1219 828 1314 Εύριύπης
856 1221 981 1308 ἐβάδιζε
1003 1223 1137 1290 πανοικὶ
1157 1219 1216 1311 τὴν

110 1324 256 1408 πορείαν
278 1319 487 1408 ποιούμενον.
533 1322 608 1407 ἔσχε
635 1327 672 1392 δὲ
699 1323 741 1390 τά
770 1321 851 1392 κατά
879 1322 938 1415 τὴν
964 1320 1118 1413 τοιαύτην
1143 1347 1249 1410 σονς)

109 1427 241 1511 κίνησιν
269 1422 330 1511 τὴν
360 1423 466 1492 αίτίαν
499 1425 633 1492 ἐνθένδε
667 1426 786 1493 ποθέν.
836 1422 965 1506 Κελτός
999 1452 1049 1505 τις
1086 1426 1216 1508 Πέτρος

64 1518 282 1610 ιοτοῦνομα,
305 1523 374 1612 τὴν·
396 1526 583 1610 ἐπωνυμίαν
612 1521 885 1611 Κουκούπετρος,
920 1525 968 1606 είς
995 1529 1216 1612 προσκύνησιν

107 1629 173 1694 τοῦ
197 1623 291 1712 άγίοο
312 1621 420 1714 τάφον
442 1621 605 1694 eoeleste
619 1628 672 1693 καὶ
694 1624 802 1694 πολλά
817 1624 906 1695 δεινά
925 1625 1112 1704 πεπονθώς
1127 1624 1218 1713 παρὰ

108 1733 182 1794 τῶν
204 1725 263 1815 τὴν
291 1721 407 1795 Ἀσίαν
432 1731 542 1796 πᾶσαν
566 1727 765 1814 ληϊζομίνων
796 1724 954 1815 Τούρκων
978 1752 1015 1793 τε
1037 1728 1091 1792 καὶ
1113 1731 1218 1812 Σαρα-

109 1832 222 1916 κηνιῦν
254 1824 349 1915 μόγις
382 1829 573 1915 ἐπανῆλθεν
594 1827 657 1909 εἷς
686 1823 727 1894 τά
754 1823 832 1896 ίδια.
875 1829 930 1894 καί
950 1823 1136 1916 διαμαρτών
1156 1834 1215 1895 τοῦ
1225 1845 1255 1900 Ρ.
1276 1846 1330 1900 284

110 1935 246 1998 σκοποῦ
270 1923 329 1997 ούκ
352 1927 479 2019 ἔφερεν,
502 1922 573 1997 αλλ’
595 1917 695 2009 αὖθις
717 1922 876 2017 ἠβούλετο
898 1933 955 2019 τῆς
980 1923 1079 2019 αὐτῆς
1107 1924 1217 2016 δίψοσ-

65 2056 99 2108 15
112 2038 175 2098 θαι
201 2028 292 2099 ὁδοῦ.
335 2027 475 2098 συνιδών
497 2030 541 2108 δέ,
565 2025 611 2110 τίς
639 2023 679 2097 ού
709 2027 768 2120 χρη
792 2025 894 2114 μόνον
923 2018 1024 2111 αὖθις
1052 2033 1110 2119 τῆς
1131 2028 1217 2116 πρὸς

110 2130 174 2200 τὸν
208 2128 301 2218 άμον
327 2127 434 2220 τάφον
463 2127 658 2217 ὁδοιπορίας
690 2127 861 2216 ἅψασθαι,
895 2132 949 2198 ἵνα
973 2128 1019 2220 μὴ
1046 2125 1158 2215 χεῖρόν
1184 2156 1219 2197 τι

111 2234 247 2320 γένηταί
262 2229 305 2311 οἳ,
319 2229 441 2319 βουλὴν
453 2228 644 2316 βουλεύεται
659 2229 802 2324 σονετύην.
837 2227 855 2319 ἡ
871 2231 907 2300 δὲ
919 2220 957 2321 ἦν
971 2233 1219 2319 διακηρνκεῦσαι
1292 2269 1293 2272 ¹

114 2332 166 2413 εἷς
188 2329 322 2413 ἁπάσας
342 2329 401 2412 τάς
422 2337 490 2399 τιῦν
505 2334 661 2400 Λατίνων
681 2329 789 2420 χώρας
809 2329 855 2412 ὥς
876 2324 988 2421 (κύμβη
1011 2334 1090 2400 θεία
1111 2358 1218 2416 παρα-

118 2431 289 2502 κελεύεταί
309 2459 351 2519 με
372 2435 455 2501 πᾶσι
475 2440 548 2514 τοῖς
562 2435 596 2502 ἐν
612 2434 756 2524 Φραγγίη
770 2431 890 2522 κύμησι
907 2436 1050 2520 κηρῦξαι,
1072 2430 1219 2513 ἅπαντας

61 2541 182 2610 musis
204 2531 298 2602 ἰδίων
330 2528 456 2620 άπῦραι
485 2537 539 2602 καί
571 2530 619 2614 είς
650 2531 872 2622 προσκύνησιν
898 2539 958 2602 τοῦ
989 2532 1082 2621 ἁγίου
1107 2531 1216 2623 τάφου

109 2632 281 2704 ἀπελθεῖν
303 2638 357 2702 καί
378 2645 522 2704 σπεῦσαι
545 2632 603 2726 ὅλη
631 2637 723 2722 χειρί
742 2638 797 2704 καί
823 2632 934 2724 γνιύμη
958 2638 1017 2725 τῆς
1034 2639 1102 2702 τιῦν
1120 2628 1217 2721 'Ayoo⁸

111 2739 226 2826 ρηνιῦν
246 2737 286 2804 τά
304 2733 514 2825 Ἱεροσόλυμα
533 2731 768 2824 λυτρώσασθαι
786 2735 924 2825 χειρός.”
956 2739 1011 2803 καί
1031 2737 1144 2822 μέντοι
1164 2738 1249 2809 καὶΒ

220 2902 243 2952 1.
262 2898 307 2952 ἐπ’
325 2893 462 2965 άληθεῦον
480 2899 510 2968 Ρ,
529 2898 652 2954 correxi:
673 2899 718 2954 ἐπ’
737 2917 790 2954 om.
802 2900 855 2954 CG.
935 2901 960 2954 3.
980 2893 1216 2969 φοβεριύτατονθ.

145 2989 153 2996 “
219 2970 384 3041 ἔκμέχριθ.
432 2975 456 3025 7.
470 2966 618 3039 ίβάδιζεΓ,
639 2971 768 3040 ίβίαζεΡ.
805 2971 944 3026 πανικὶθ.
993 2974 1033 3024 14.
1046 2965 1175 3038 ἠβούλετο
1186 2971 1218 3040 F,

120 3097 124 3102 ,
221 3037 387 3108 λβούλιτοΡ.
445 3039 588 3107 λῦτὴνίλ.
626 3040 695 3113 πρὸς
706 3044 738 3111 F,
759 3040 833 3114 παρὰ
847 3043 904 3097 Ρ,
935 3047 976 3097 17.
990 3038 1080 3112 ἥδεΡ,
1100 3044 1217 3097 correxi.

111 3180 239 3235 habebat
253 3180 319 3235 haee
333 3185 365 3234 ut
377 3179 525 3236 decantata
536 3181 577 3235 ita
589 3196 655 3235 sane
668 3182 819 3237 verissima.
845 3181 977 3252 quocirca
994 3181 1106 3236 minima
1124 3199 1219 3238 socors

109 3254 179 3320 suit,
198 3251 248 3306 sed
262 3258 362 3306 cunata
379 3253 498 3322 paravit,
519 3255 551 3305 ut
568 3253 729 3323 postulante
743 3259 869 3324 tempore
887 3255 921 3308 ad
934 3270 1057 3324 pugnam
1073 3254 1218 3324 expeditus

111 3329 200 3378 esset.
227 3329 314 3392 alque
334 3325 428 3378 omnia
445 3324 573 3394 profecto
591 3330 660 3379 tuno
678 3324 751 3380 fama
762 3326 868 3380 maiora
886 3325 1111 3395 terribilioraque
1128 3329 1218 3380 erant.

111 3397 266 3451 universus
284 3395 357 3450 enim
375 3393 509 3450 Oooidens
527 3402 557 3449 et
574 3399 713 3466 quotquot
740 3396 876 3452 barbarae
903 3401 1000 3466 gentes
1024 3397 1098 3452 ultra
1118 3397 1218 3452 Adria·

111 3469 207 3522 ticum
226 3483 304 3521 mare
323 3484 409 3536 usque
428 3467 463 3520 ad
483 3466 615 3522 Herculis
632 3468 774 3524 columnas
794 3468 935 3536 incolunt,
962 3469 1078 3523 mutatis
1107 3468 1218 3523 sedibus

110 3539 250 3608 deinceps
276 3555 326 3607 per
354 3539 497 3608 Europam
526 3538 555 3593 in
582 3539 677 3593 Asiam
708 3557 772 3595 oum
806 3540 934 3596 omnibus
967 3541 1025 3595 suis
1052 3542 1107 3594 iter
1136 3539 1218 3594 faeie·

110 3613 194 3666 bana
233 3615 328 3664 tantae
347 3626 414 3664 vero
444 3609 635 3665 commotionis
660 3611 727 3666 haee
752 3611 809 3666 iera
833 3611 889 3666 fuit
911 3627 1001 3666 eausa.
1045 3611 1138 3665 Gallus
1157 3611 1217 3681 qui·

110 3682 178 3737 dam
201 3681 302 3735 Petrus
320 3686 503 3751 cognomento
522 3681 694 3752 Guoupetrus
720 3683 755 3736 ad
780 3687 905 3738 sanctum
925 3683 1083 3753 sepulerum
1100 3681 1217 3736 adoran·

110 3756 182 3808 dum
205 3753 432 3823 peregrinatione
457 3757 585 3822 suscepta
608 3755 779 3824 gravissimis
797 3755 951 3810 Turdorum
972 3758 1000 3808 et
1018 3753 1217 3808 Saraoenorum

110 3831 206 3881 totam
226 3825 323 3879 Asiam
347 3823 579 3895 depraedantium
606 3825 717 3878 iniuriis
744 3833 859 3882 vexatus
883 3827 931 3880 vix
948 3826 977 3878 in
999 3825 1121 3894 patriam
1146 3825 1218 3880 redi·

109 3902 185 3954 orat.
226 3896 275 3950 sed
293 3913 351 3951 rem
371 3897 481 3952 iiritam
500 3895 583 3950 iuisse
601 3897 713 3952 minime
737 3898 813 3961 tulit,
841 3913 937 3952 verum
960 3897 1050 3950 denuo
1071 3895 1145 3950 idem
1164 3898 1218 3951 iter

109 3968 259 4038 suscipere
276 3967 413 4035 decrevit3
433 3983 550 4036 eumque
565 3967 755 4035 intellexisset,
774 3986 807 4024 ne
819 3968 888 4037 quid
900 3970 978 4037 peius
996 3966 1143 4037 accideret,
1162 3984 1219 4023 non

109 4042 164 4096 soli
184 4039 242 4094 sibi
261 4041 365 4093 iterum
379 4040 453 4094 viam
472 4038 508 4092 ad
520 4043 646 4093 mustum
664 4041 820 4110 sepulerum
839 4037 1050 4109 ingrediendam
1069 4055 1135 4108 esse,
1154 4057 1219 4108 pru·

107 4113 180 4168 dens
200 4127 269 4165 sana
287 4110 435 4166 eonsilium
453 4111 525 4164 iniit.
562 4111 694 4164 nimirum
736 4129 766 4166 er
783 4113 926 4166 universas
945 4111 1111 4166 Latinorum
1129 4112 1219 4182 regio-

107 4203 158 4242 nes
179 4183 253 4239 haee
269 4181 481 4252 promulgabat:
500 4179 619 4249 “Divino
632 4129 745 4237 οτεοαλο
759 4183 850 4239 iussus
868 4199 928 4236 sum
942 4183 1072 4237 nuntiare
1091 4184 1220 4238 omnibus

106 4255 254 4313 Franciae
277 4254 438 4319 oomitibus‚
463 4256 495 4307 ut
520 4254 615 4324 patria
640 4253 739 4310 relicta
761 4256 857 4312 annoti
876 4258 997 4326 pergant
1014 4254 1051 4309 ad
1071 4255 1160 4310 saneti
1179 4271 1219 4310 se·

106 4327 206 4404 pulcri
225 4326 424 4384 adorationem
442 4327 572 4397 omnique
590 4326 619 4381 vi
638 4329 754 4398 totoque
772 4329 865 4386 animo
886 4323 1077 4399 Hierosolyma
1093 4344 1129 4384 ex
1142 4328 1219 4401 Agu-
