<?xml version="1.0" encoding="UTF-8"?>
<!DOCTYPE html PUBLIC "-//W3C//DTD XHTML 1.0 Transitional//EN"
    "http://www.w3.org/TR/xhtml1/DTD/xhtml1-transitional.dtd">
<html xmlns="http://www.w3.org/1999/xhtml" xml:lang="en" lang="en">
 <head>
  <title>
</title>
<meta http-equiv="Content-Type" content="text/html;charset=utf-8" />
  <meta name='ocr-system' content='tesseract 3.04.00' />
  <meta name='ocr-capabilities' content='ocr_page ocr_carea ocr_par ocr_line ocrx_word'/>
</head>
<body>
  <div class='ocr_page' id='page_1' title='image "annaecomnenaeal00schogoog_0033.png"; bbox 0 0 2760 4756; ppageno 0'>
   <div class='ocr_carea' id='block_1_1' title="bbox 228 409 938 469">
    <p class='ocr_par' dir='ltr' id='par_1_1' title="bbox 228 409 938 469">
     <span class='ocr_line' id='line_1_1' title="bbox 228 409 938 469; baseline 0 -2"><span class='ocrx_word' id='word_1_1' title='bbox 228 409 265 468; x_wconf 89' lang='grc'><strong>16</strong></span> <span class='ocrx_word' id='word_1_2' title='bbox 598 417 720 469; x_wconf 76' lang='lat' dir='ltr'>ANNAE</span> <span class='ocrx_word' id='word_1_3' title='bbox 741 413 938 468; x_wconf 72' lang='lat' dir='ltr'><strong>connum</strong></span> 
     </span>
    </p>
   </div>
   <div class='ocr_carea' id='block_1_2' title="bbox 188 561 1363 2790">
    <p class='ocr_par' dir='ltr' id='par_1_2' title="bbox 223 561 1322 673">
     <span class='ocr_line' id='line_1_2' title="bbox 223 561 1322 673; baseline 0.003 -22"><span class='ocrx_word' id='word_1_4' title='bbox 223 579 304 651; x_wconf 85' lang='grc' dir='ltr'><strong><em>άλλά</em></strong></span> <span class='ocrx_word' id='word_1_5' title='bbox 338 580 557 671; x_wconf 76' lang='grc' dir='ltr'><strong><em>Νορμανόθεν</em></strong></span> <span class='ocrx_word' id='word_1_6' title='bbox 586 581 692 673; x_wconf 77' lang='grc' dir='ltr'><strong><em>ἥκειν·</em></strong></span> <span class='ocrx_word' id='word_1_7' title='bbox 726 589 840 670; x_wconf 73' lang='grc' dir='ltr'><strong><em>θαῦμα</em></strong></span> <span class='ocrx_word' id='word_1_8' title='bbox 861 582 923 672; x_wconf 80' lang='grc' dir='ltr'><strong>γάρ</strong></span> <span class='ocrx_word' id='word_1_9' title='bbox 954 561 993 672; x_wconf 75' lang='grc' dir='ltr'><strong><em>όν</em></strong></span> <span class='ocrx_word' id='word_1_10' title='bbox 1014 581 1033 653; x_wconf 87' lang='grc' dir='ltr'>ὁ</span> <span class='ocrx_word' id='word_1_11' title='bbox 1055 586 1222 666; x_wconf 80' lang='grc' dir='ltr'><strong><em>νεανίσκος</em></strong></span> <span class='ocrx_word' id='word_1_12' title='bbox 1242 587 1322 656; x_wconf 74' lang='grc' dir='ltr'><strong><em>ἐκεῖ·</em></strong></span> 
     </span>
    </p>

    <p class='ocr_par' dir='ltr' id='par_1_3' title="bbox 189 676 1353 1480">
     <span class='ocr_line' id='line_1_3' title="bbox 189 676 1325 776; baseline 0.003 -26"><span class='ocrx_word' id='word_1_13' title='bbox 189 677 193 688; x_wconf 78' lang='grc'><strong>’</strong></span> <span class='ocrx_word' id='word_1_14' title='bbox 223 711 279 765; x_wconf 86' lang='grc' dir='ltr'><strong><em>νος</em></strong></span> <span class='ocrx_word' id='word_1_15' title='bbox 315 683 575 771; x_wconf 76' lang='grc' dir='ltr'><strong><em>ἕξιππαζόμενος</em></strong></span> <span class='ocrx_word' id='word_1_16' title='bbox 617 686 673 752; x_wconf 86' lang='grc' dir='ltr'><strong>καί</strong></span> <span class='ocrx_word' id='word_1_17' title='bbox 706 676 810 766; x_wconf 85' lang='grc' dir='ltr'><strong><em>όντως</em></strong></span> <span class='ocrx_word' id='word_1_18' title='bbox 842 686 1046 776; x_wconf 79' lang='grc' dir='ltr'><strong><em>φιλοτίμημα</em></strong></span> <span class='ocrx_word' id='word_1_19' title='bbox 1081 685 1229 776; x_wconf 82' lang='grc' dir='ltr'><strong><em>φάσεως·</em></strong></span> <span class='ocrx_word' id='word_1_20' title='bbox 1266 684 1325 775; x_wconf 78' lang='grc' dir='ltr'><strong>τὴν</strong></span> 
     </span>
     <span class='ocr_line' id='line_1_4' title="bbox 223 779 1324 874; baseline 0.004 -24"><span class='ocrx_word' id='word_1_21' title='bbox 223 783 310 871; x_wconf 88' lang='grc' dir='ltr'><strong><em>πρός</em></strong></span> <span class='ocrx_word' id='word_1_22' title='bbox 333 783 418 854; x_wconf 84' lang='grc' dir='ltr'><strong><em>Θεόν</em></strong></span> <span class='ocrx_word' id='word_1_23' title='bbox 446 779 612 870; x_wconf 77' lang='grc' dir='ltr'><strong><em>εόσέβειαν</em></strong></span> <span class='ocrx_word' id='word_1_24' title='bbox 635 782 748 867; x_wconf 86' lang='grc' dir='ltr'><strong><em>πολός,</em></strong></span> <span class='ocrx_word' id='word_1_25' title='bbox 772 783 813 852; x_wconf 84' lang='grc' dir='ltr'><strong><em>τὰ</em></strong></span> <span class='ocrx_word' id='word_1_26' title='bbox 834 783 920 871; x_wconf 88' lang='grc' dir='ltr'><strong><em>πρός</em></strong></span> <span class='ocrx_word' id='word_1_27' title='bbox 941 779 1144 871; x_wconf 73' lang='grc' dir='ltr'><em>ἀνθρώπους</em></span> <span class='ocrx_word' id='word_1_28' title='bbox 1168 783 1249 874; x_wconf 64' lang='lat' dir='ltr'><strong>sidric</strong></span> <span class='ocrx_word' id='word_1_29' title='bbox 1269 789 1324 854; x_wconf 84' lang='grc' dir='ltr'><strong>καί</strong></span> 
     </span>
     <span class='ocr_line' id='line_1_5' title="bbox 222 878 1353 974; baseline 0.002 -21"><span class='ocrx_word' id='word_1_30' title='bbox 222 887 387 971; x_wconf 89' lang='grc' dir='ltr'><strong><em>μειλίχιος.</em></strong></span> <span class='ocrx_word' id='word_1_31' title='bbox 442 878 537 954; x_wconf 80' lang='grc' dir='ltr'><strong><em>οόπω</em></strong></span> <span class='ocrx_word' id='word_1_32' title='bbox 570 883 811 972; x_wconf 88' lang='grc' dir='ltr'><strong><em>τεσσαράκοντα</em></strong></span> <span class='ocrx_word' id='word_1_33' title='bbox 842 885 928 972; x_wconf 88' lang='grc' dir='ltr'><strong><em>πρός</em></strong></span> <span class='ocrx_word' id='word_1_34' title='bbox 959 893 1031 966; x_wconf 90' lang='grc' dir='ltr'><strong><em>ταῖς</em></strong></span> <span class='ocrx_word' id='word_1_35' title='bbox 1063 883 1150 954; x_wconf 70' lang='lat' dir='ltr'><strong>durni</strong></span> <span class='ocrx_word' id='word_1_36' title='bbox 1180 889 1323 974; x_wconf 74' lang='grc' dir='ltr'><strong><em>διῆλθον</em></strong></span> <span class='ocrx_word' id='word_1_37' title='bbox 1352 941 1353 944; x_wconf 20' lang='lat'>¹</span> 
     </span>
     <span class='ocr_line' id='line_1_6' title="bbox 222 985 1348 1076; baseline 0.004 -22"><span class='ocrx_word' id='word_1_38' title='bbox 222 985 347 1073; x_wconf 74' lang='lat' dir='ltr'><strong>r‘pre&#39;pas,</strong></span> <span class='ocrx_word' id='word_1_39' title='bbox 389 989 443 1054; x_wconf 86' lang='grc' dir='ltr'><strong>καί</strong></span> <span class='ocrx_word' id='word_1_40' title='bbox 475 989 799 1073; x_wconf 82' lang='grc' dir='ltr'><strong><em>παρακελευσαμένου</em></strong></span> <span class='ocrx_word' id='word_1_41' title='bbox 829 986 1021 1076; x_wconf 81' lang='grc' dir='ltr'><strong><em>Νικηφόρον</em></strong></span> <span class='ocrx_word' id='word_1_42' title='bbox 1056 994 1116 1057; x_wconf 83' lang='grc' dir='ltr'><strong><em>τοῦ</em></strong></span> <span class='ocrx_word' id='word_1_43' title='bbox 1143 991 1348 1075; x_wconf 76' lang='grc' dir='ltr'><strong><em>,Βρυεννίουὸ</em></strong></span> 
     </span>
     <span class='ocr_line' id='line_1_7' title="bbox 223 1080 1321 1180; baseline 0 -24"><span class='ocrx_word' id='word_1_44' title='bbox 223 1089 270 1172; x_wconf 80' lang='grc' dir='ltr'><strong><em>(ἐν</em></strong></span> <span class='ocrx_word' id='word_1_45' title='bbox 292 1089 404 1177; x_wconf 75' lang='grc' dir='ltr'><strong><em>ἐκείνῳ</em></strong></span> <span class='ocrx_word' id='word_1_46' title='bbox 426 1087 485 1176; x_wconf 83' lang='grc' dir='ltr'><strong>γὰρ</strong></span> <span class='ocrx_word' id='word_1_47' title='bbox 512 1087 533 1177; x_wconf 79' lang='grc' dir='ltr'><em>ἡ</em></span> <span class='ocrx_word' id='word_1_48' title='bbox 562 1094 654 1157; x_wconf 86' lang='grc' dir='ltr'><strong><em>πᾶσα</em></strong></span> <span class='ocrx_word' id='word_1_49' title='bbox 684 1090 814 1173; x_wconf 81' lang='grc' dir='ltr'><strong><em>ἐξουσία</em></strong></span> <span class='ocrx_word' id='word_1_50' title='bbox 850 1094 908 1180; x_wconf 83' lang='grc' dir='ltr'><strong><em>τῆς</em></strong></span> <span class='ocrx_word' id='word_1_51' title='bbox 928 1082 1235 1174; x_wconf 76' lang='grc' dir='ltr'><strong><em>Ἀδριανοοπόλεως</em></strong></span> <span class='ocrx_word' id='word_1_52' title='bbox 1266 1080 1321 1179; x_wconf 76' lang='grc' dir='ltr'><strong>ἦν)</strong></span> 
     </span>
     <span class='ocr_line' id='line_1_8' title="bbox 221 1183 1322 1278; baseline 0.001 -22"><span class='ocrx_word' id='word_1_53' title='bbox 221 1188 283 1269; x_wconf 84' lang='grc' dir='ltr'><strong><em>τάς</em></strong></span> <span class='ocrx_word' id='word_1_54' title='bbox 304 1186 410 1270; x_wconf 78' lang='grc' dir='ltr'><strong><em>πάλας</em></strong></span> <span class='ocrx_word' id='word_1_55' title='bbox 431 1183 561 1275; x_wconf 73' lang='grc' dir='ltr'><strong><em>άέλρόον</em></strong></span> <span class='ocrx_word' id='word_1_56' title='bbox 585 1183 850 1270; x_wconf 78' lang='grc' dir='ltr'><strong><em>α’ναπετάσαντες</em></strong></span> <span class='ocrx_word' id='word_1_57' title='bbox 878 1191 1019 1278; x_wconf 71' lang='grc' dir='ltr'><strong><em>ἐξῆλθον</em></strong></span> <span class='ocrx_word' id='word_1_58' title='bbox 1048 1187 1129 1258; x_wconf 81' lang='grc' dir='ltr'><strong><em>κατά</em></strong></span> <span class='ocrx_word' id='word_1_59' title='bbox 1160 1195 1227 1258; x_wconf 77' lang='grc' dir='ltr'><strong><em>ταῖν</em></strong></span> <span class='ocrx_word' id='word_1_60' title='bbox 1255 1197 1322 1258; x_wconf 81' lang='grc' dir='ltr'><strong>Κο-</strong></span> 
     </span>
     <span class='ocr_line' id='line_1_9' title="bbox 221 1287 1322 1377; baseline 0.002 -21"><span class='ocrx_word' id='word_1_61' title='bbox 221 1287 332 1376; x_wconf 86' lang='grc' dir='ltr'><strong><em>μάνων</em></strong></span> <span class='ocrx_word' id='word_1_62' title='bbox 352 1299 493 1377; x_wconf 87' lang='grc' dir='ltr'><strong><em>γενναῖοι</em></strong></span> <span class='ocrx_word' id='word_1_63' title='bbox 516 1296 719 1375; x_wconf 84' lang='grc' dir='ltr'><strong><em>στρατιῶται.</em></strong></span> <span class='ocrx_word' id='word_1_64' title='bbox 762 1292 817 1357; x_wconf 87' lang='grc' dir='ltr'><strong>καί</strong></span> <span class='ocrx_word' id='word_1_65' title='bbox 844 1293 992 1376; x_wconf 86' lang='grc' dir='ltr'><strong><em>πολέμου</em></strong></span> <span class='ocrx_word' id='word_1_66' title='bbox 1023 1295 1181 1377; x_wconf 80' lang='grc' dir='ltr'><strong><em>καρτεροῦ</em></strong></span> <span class='ocrx_word' id='word_1_67' title='bbox 1203 1317 1322 1377; x_wconf 89' lang='grc' dir='ltr'><strong><em>συρρα-</em></strong></span> 
     </span>
     <span class='ocr_line' id='line_1_10' title="bbox 221 1387 1321 1480; baseline 0.002 -21"><span class='ocrx_word' id='word_1_68' title='bbox 221 1393 331 1479; x_wconf 81' lang='grc' dir='ltr'><strong><em>γέντος</em></strong></span> <span class='ocrx_word' id='word_1_69' title='bbox 351 1393 514 1460; x_wconf 84' lang='grc' dir='ltr'><strong><em>πίπτουσι</em></strong></span> <span class='ocrx_word' id='word_1_70' title='bbox 535 1394 594 1477; x_wconf 80' lang='grc' dir='ltr'><strong>μὲν</strong></span> <span class='ocrx_word' id='word_1_71' title='bbox 616 1389 721 1460; x_wconf 77' lang='lat' dir='ltr'><strong>isarei</strong></span> <span class='ocrx_word' id='word_1_72' title='bbox 742 1389 983 1477; x_wconf 83' lang='grc' dir='ltr'><strong><em>τῶνῬωμαίων</em></strong></span> <span class='ocrx_word' id='word_1_73' title='bbox 998 1394 1152 1480; x_wconf 89' lang='grc' dir='ltr'><strong><em>γενναίως</em></strong></span> <span class='ocrx_word' id='word_1_74' title='bbox 1166 1387 1321 1480; x_wconf 83' lang='grc' dir='ltr'><strong><em>άγωνιζό-</em></strong></span> 
     </span>
    </p>

    <p class='ocr_par' dir='ltr' id='par_1_4' title="bbox 191 1486 1363 2586">
     <span class='ocr_line' id='line_1_11' title="bbox 191 1486 1363 1584; baseline 0.003 -24"><span class='ocrx_word' id='word_1_75' title='bbox 191 1499 213 1552; x_wconf 87' lang='grc' dir='ltr'><strong>Β</strong></span> <span class='ocrx_word' id='word_1_76' title='bbox 221 1519 315 1577; x_wconf 84' lang='grc' dir='ltr'><strong><em>μενοι</em></strong></span> <span class='ocrx_word' id='word_1_77' title='bbox 329 1494 383 1560; x_wconf 88' lang='grc' dir='ltr'><strong>καί</strong></span> <span class='ocrx_word' id='word_1_78' title='bbox 398 1497 455 1584; x_wconf 79' lang='grc' dir='ltr'><strong><em>τῆς</em></strong></span> <span class='ocrx_word' id='word_1_79' title='bbox 467 1491 591 1561; x_wconf 76' lang='grc' dir='ltr'><strong><em>ἑαυτῶν</em></strong></span> <span class='ocrx_word' id='word_1_80' title='bbox 608 1495 692 1584; x_wconf 86' lang='grc' dir='ltr'><strong><em>ζωῆς</em></strong></span> <span class='ocrx_word' id='word_1_81' title='bbox 706 1486 955 1582; x_wconf 81' lang='grc' dir='ltr'><strong><em>υἷφειόήσαντες,</em></strong></span> <span class='ocrx_word' id='word_1_82' title='bbox 977 1494 1112 1574; x_wconf 81' lang='grc' dir='ltr'><strong><em>πλείους</em></strong></span> <span class='ocrx_word' id='word_1_83' title='bbox 1127 1495 1363 1563; x_wconf 58' lang='lat' dir='ltr'><strong>muscivos-1⁰</strong></span> 
     </span>
     <span class='ocr_line' id='line_1_12' title="bbox 221 1591 1321 1683; baseline 0.001 -21"><span class='ocrx_word' id='word_1_84' title='bbox 221 1618 281 1662; x_wconf 85' lang='grc' dir='ltr'><strong><em>οιν.</em></strong></span> <span class='ocrx_word' id='word_1_85' title='bbox 311 1591 452 1683; x_wconf 81' lang='grc' dir='ltr'><strong><em>ὁπηνίκα</em></strong></span> <span class='ocrx_word' id='word_1_86' title='bbox 471 1592 704 1680; x_wconf 87' lang='grc' dir='ltr'><strong><em>καίΜαριανός</em></strong></span> <span class='ocrx_word' id='word_1_87' title='bbox 722 1591 1062 1680; x_wconf 84' lang='grc' dir='ltr'><strong><em>όΜαυροκατακαλιόν</em></strong></span> <span class='ocrx_word' id='word_1_88' title='bbox 1079 1599 1141 1663; x_wconf 83' lang='grc' dir='ltr'><strong><em>τοῦ</em></strong></span> <span class='ocrx_word' id='word_1_89' title='bbox 1153 1593 1321 1682; x_wconf 83' lang='grc' dir='ltr'><strong><em>Τυγορτάκ</em></strong></span> 
     </span>
     <span class='ocr_line' id='line_1_13' title="bbox 220 1681 1322 1786; baseline 0.005 -26"><span class='ocrx_word' id='word_1_90' title='bbox 220 1689 545 1781; x_wconf 73' lang='grc' dir='ltr'><strong><em>καταστοχασάμενος</em></strong></span> <span class='ocrx_word' id='word_1_91' title='bbox 572 1692 713 1783; x_wconf 77' lang='grc' dir='ltr'><strong><em>(ἡγεμών</em></strong></span> <span class='ocrx_word' id='word_1_92' title='bbox 733 1695 769 1762; x_wconf 76' lang='grc' dir='ltr'><strong>δὲ</strong></span> <span class='ocrx_word' id='word_1_93' title='bbox 790 1681 886 1775; x_wconf 84' lang='grc' dir='ltr'><strong><em>οότος</em></strong></span> <span class='ocrx_word' id='word_1_94' title='bbox 903 1692 1072 1780; x_wconf 76' lang='grc' dir='ltr'><strong><em>ὑπερέχων</em></strong></span> <span class='ocrx_word' id='word_1_95' title='bbox 1091 1699 1149 1786; x_wconf 80' lang='grc' dir='ltr'><strong><em>τῆς</em></strong></span> <span class='ocrx_word' id='word_1_96' title='bbox 1164 1701 1230 1762; x_wconf 83' lang='grc' dir='ltr'><strong>των</strong></span> <span class='ocrx_word' id='word_1_97' title='bbox 1252 1703 1322 1765; x_wconf 82' lang='grc' dir='ltr'><strong>Κο-</strong></span> 
     </span>
     <span class='ocr_line' id='line_1_14' title="bbox 220 1793 1320 1883; baseline 0.003 -21"><span class='ocrx_word' id='word_1_98' title='bbox 220 1793 330 1882; x_wconf 86' lang='grc' dir='ltr'><strong><em>μάνων</em></strong></span> <span class='ocrx_word' id='word_1_99' title='bbox 365 1798 540 1883; x_wconf 88' lang='grc' dir='ltr'><strong><em>στρατιᾶς),</em></strong></span> <span class='ocrx_word' id='word_1_100' title='bbox 584 1794 664 1880; x_wconf 80' lang='grc' dir='ltr'><strong><em>δόρυ</em></strong></span> <span class='ocrx_word' id='word_1_101' title='bbox 694 1795 819 1881; x_wconf 88' lang='grc' dir='ltr'><strong><em>μακρόν</em></strong></span> <span class='ocrx_word' id='word_1_102' title='bbox 856 1793 1142 1881; x_wconf 67' lang='grc' dir='ltr'><strong><em>ἐναγκαλισάμενος</em></strong></span> <span class='ocrx_word' id='word_1_103' title='bbox 1172 1793 1250 1878; x_wconf 79' lang='grc' dir='ltr'><strong><em>ὅλας</em></strong></span> <span class='ocrx_word' id='word_1_104' title='bbox 1284 1823 1320 1865; x_wconf 92' lang='grc' dir='ltr'><strong><em>τε</em></strong></span> 
     </span>
     <span class='ocr_line' id='line_1_15' title="bbox 220 1889 1321 1985; baseline 0.003 -23"><span class='ocrx_word' id='word_1_105' title='bbox 220 1901 267 1985; x_wconf 80' lang='grc' dir='ltr'><strong><em>τῷ</em></strong></span> <span class='ocrx_word' id='word_1_106' title='bbox 287 1900 385 1985; x_wconf 75' lang='grc' dir='ltr'><strong><em>ἵππῳ</em></strong></span> <span class='ocrx_word' id='word_1_107' title='bbox 409 1896 487 1979; x_wconf 68' lang='lat' dir='ltr'><strong>desig</strong></span> <span class='ocrx_word' id='word_1_108' title='bbox 508 1899 566 1978; x_wconf 85' lang='grc' dir='ltr'><strong><em>τάς</em></strong></span> <span class='ocrx_word' id='word_1_109' title='bbox 585 1895 678 1984; x_wconf 77' lang='grc' dir='ltr'><strong><em>ἡνίας</em></strong></span> <span class='ocrx_word' id='word_1_110' title='bbox 709 1890 794 1964; x_wconf 68' lang='lat' dir='ltr'><strong>stet</strong></span> <span class='ocrx_word' id='word_1_111' title='bbox 816 1901 885 1962; x_wconf 87' lang='grc' dir='ltr'><strong><em>κατ’</em></strong></span> <span class='ocrx_word' id='word_1_112' title='bbox 912 1890 1016 1963; x_wconf 83' lang='grc' dir='ltr'><strong><em>αότοό</em></strong></span> <span class='ocrx_word' id='word_1_113' title='bbox 1038 1889 1153 1984; x_wconf 74' lang='grc' dir='ltr'><strong><em>ἤλαυνε</em></strong></span> <span class='ocrx_word' id='word_1_114' title='bbox 1184 1900 1237 1964; x_wconf 84' lang='grc' dir='ltr'><strong>καί</strong></span> <span class='ocrx_word' id='word_1_115' title='bbox 1266 1924 1321 1982; x_wconf 91' lang='grc' dir='ltr'><strong><em>μι-</em></strong></span> 
     </span>
     <span class='ocr_line' id='line_1_16' title="bbox 220 1990 1362 2085; baseline 0.001 -22"><span class='ocrx_word' id='word_1_116' title='bbox 220 2003 300 2081; x_wconf 84' lang='grc' dir='ltr'><strong><em>κροῦ</em></strong></span> <span class='ocrx_word' id='word_1_117' title='bbox 322 1994 361 2064; x_wconf 76' lang='lat' dir='ltr'><strong>dv</strong></span> <span class='ocrx_word' id='word_1_118' title='bbox 378 2003 496 2065; x_wconf 80' lang='grc' dir='ltr'><strong><em>τοῦτον</em></strong></span> <span class='ocrx_word' id='word_1_119' title='bbox 517 1992 652 2082; x_wconf 80' lang='grc' dir='ltr'><strong><em>άνεῖλιν,</em></strong></span> <span class='ocrx_word' id='word_1_120' title='bbox 665 1997 694 2064; x_wconf 84' lang='grc' dir='ltr'><strong>εἰ</strong></span> <span class='ocrx_word' id='word_1_121' title='bbox 715 1995 759 2084; x_wconf 77' lang='grc' dir='ltr'><strong><em>μὴ</em></strong></span> <span class='ocrx_word' id='word_1_122' title='bbox 784 1993 1044 2085; x_wconf 69' lang='grc' dir='ltr'><strong><em>προφθάοαντες</em></strong></span> <span class='ocrx_word' id='word_1_123' title='bbox 1067 1994 1098 2064; x_wconf 86' lang='lat' dir='ltr'><strong>oi</strong></span> <span class='ocrx_word' id='word_1_124' title='bbox 1121 2001 1198 2081; x_wconf 80' lang='grc' dir='ltr'><strong><em>περί</em></strong></span> <span class='ocrx_word' id='word_1_125' title='bbox 1221 1990 1320 2066; x_wconf 81' lang='grc' dir='ltr'><strong><em>αίτόν</em></strong></span> <span class='ocrx_word' id='word_1_126' title='bbox 1331 2007 1362 2058; x_wconf 79' lang='lat'><strong>15</strong></span> 
     </span>
     <span class='ocr_line' id='line_1_17' title="bbox 218 2096 1317 2185; baseline 0.002 -21"><span class='ocrx_word' id='word_1_127' title='bbox 218 2097 369 2182; x_wconf 83' lang='grc' dir='ltr'><strong><em>τυχόντες</em></strong></span> <span class='ocrx_word' id='word_1_128' title='bbox 393 2097 543 2185; x_wconf 90' lang='grc' dir='ltr'><strong><em>Κόμανοι</em></strong></span> <span class='ocrx_word' id='word_1_129' title='bbox 563 2103 681 2166; x_wconf 84' lang='grc' dir='ltr'><strong><em>τοῦτον</em></strong></span> <span class='ocrx_word' id='word_1_130' title='bbox 702 2099 873 2181; x_wconf 75' lang='grc' dir='ltr'><strong><em>ἐξείλοντο,</em></strong></span> <span class='ocrx_word' id='word_1_131' title='bbox 894 2103 1013 2182; x_wconf 80' lang='grc' dir='ltr'><strong><em>μικροῦ</em></strong></span> <span class='ocrx_word' id='word_1_132' title='bbox 1034 2100 1088 2165; x_wconf 83' lang='grc' dir='ltr'><strong>καί</strong></span> <span class='ocrx_word' id='word_1_133' title='bbox 1108 2096 1165 2166; x_wconf 85' lang='grc' dir='ltr'><strong>τόν</strong></span> <span class='ocrx_word' id='word_1_134' title='bbox 1188 2105 1317 2185; x_wconf 89' lang='grc' dir='ltr'><strong><em>Μαρια-</em></strong></span> 
     </span>
     <span class='ocr_line' id='line_1_18' title="bbox 218 2185 1320 2288; baseline 0.002 -22"><span class='ocrx_word' id='word_1_135' title='bbox 218 2198 275 2266; x_wconf 86' lang='grc' dir='ltr'><strong>νόν</strong></span> <span class='ocrx_word' id='word_1_136' title='bbox 306 2193 566 2280; x_wconf 76' lang='grc' dir='ltr'><strong><em>ἀποκτείναντες.</em></strong></span> <span class='ocrx_word' id='word_1_137' title='bbox 619 2185 720 2278; x_wconf 76' lang='grc' dir='ltr'><strong><em>οὗτος</em></strong></span> <span class='ocrx_word' id='word_1_138' title='bbox 753 2199 789 2266; x_wconf 78' lang='grc' dir='ltr'><strong>δὲ</strong></span> <span class='ocrx_word' id='word_1_139' title='bbox 822 2195 1043 2286; x_wconf 83' lang='grc' dir='ltr'><strong><em>όΜαριανός,</em></strong></span> <span class='ocrx_word' id='word_1_140' title='bbox 1076 2195 1137 2266; x_wconf 74' lang='grc' dir='ltr'><strong>κάν</strong></span> <span class='ocrx_word' id='word_1_141' title='bbox 1164 2200 1237 2280; x_wconf 82' lang='grc' dir='ltr'><strong><em>νέος</em></strong></span> <span class='ocrx_word' id='word_1_142' title='bbox 1259 2197 1320 2288; x_wconf 76' lang='grc' dir='ltr'><strong><em>τήν</em></strong></span> 
     </span>
     <span class='ocr_line' id='line_1_19' title="bbox 218 2289 1316 2391; baseline -0.001 -24"><span class='ocrx_word' id='word_1_143' title='bbox 218 2299 342 2389; x_wconf 78' lang='grc' dir='ltr'><strong><em>ἡλικίαν</em></strong></span> <span class='ocrx_word' id='word_1_144' title='bbox 357 2289 395 2391; x_wconf 77' lang='grc' dir='ltr'><strong><em>ἦν</em></strong></span> <span class='ocrx_word' id='word_1_145' title='bbox 416 2303 469 2368; x_wconf 85' lang='grc' dir='ltr'><strong>καί</strong></span> <span class='ocrx_word' id='word_1_146' title='bbox 486 2302 518 2381; x_wconf 79' lang='grc' dir='ltr'><strong>ἐς</strong></span> <span class='ocrx_word' id='word_1_147' title='bbox 538 2301 694 2386; x_wconf 88' lang='grc' dir='ltr'><strong><em>μείρακας</em></strong></span> <span class='ocrx_word' id='word_1_148' title='bbox 717 2291 789 2384; x_wconf 80' lang='grc' dir='ltr'><strong><em>όρτι</em></strong></span> <span class='ocrx_word' id='word_1_149' title='bbox 813 2299 1051 2388; x_wconf 72' lang='grc' dir='ltr'><strong><em>παραγγέλλων,</em></strong></span> <span class='ocrx_word' id='word_1_150' title='bbox 1080 2292 1164 2367; x_wconf 66' lang='lat' dir='ltr'><strong>dite</strong></span> <span class='ocrx_word' id='word_1_151' title='bbox 1196 2297 1316 2368; x_wconf 87' lang='grc' dir='ltr'><strong><em>πολλό-</em></strong></span> 
     </span>
     <span class='ocr_line' id='line_1_20' title="bbox 218 2395 1314 2491; baseline 0.002 -25"><span class='ocrx_word' id='word_1_152' title='bbox 218 2427 268 2480; x_wconf 92' lang='grc' dir='ltr'><strong><em>κις</em></strong></span> <span class='ocrx_word' id='word_1_153' title='bbox 288 2405 355 2468; x_wconf 84' lang='grc' dir='ltr'><strong>τῶν</strong></span> <span class='ocrx_word' id='word_1_154' title='bbox 371 2406 431 2491; x_wconf 80' lang='grc' dir='ltr'><strong><em>τῆς</em></strong></span> <span class='ocrx_word' id='word_1_155' title='bbox 453 2395 655 2485; x_wconf 83' lang='grc' dir='ltr'><strong><em>Ὀρεστιάδος</em></strong></span> <span class='ocrx_word' id='word_1_156' title='bbox 677 2403 791 2468; x_wconf 79' lang='grc' dir='ltr'><strong><em>πυλῶν</em></strong></span> <span class='ocrx_word' id='word_1_157' title='bbox 812 2398 1020 2486; x_wconf 77' lang='grc' dir='ltr'><strong><em>ἐξερχόμενος</em></strong></span> <span class='ocrx_word' id='word_1_158' title='bbox 1040 2399 1123 2485; x_wconf 83' lang='grc' dir='ltr'><strong><em>μετὰ</em></strong></span> <span class='ocrx_word' id='word_1_159' title='bbox 1149 2405 1216 2468; x_wconf 79' lang='grc' dir='ltr'><strong>τῶν</strong></span> <span class='ocrx_word' id='word_1_160' title='bbox 1248 2407 1314 2468; x_wconf 86' lang='grc' dir='ltr'><strong>Κο-</strong></span> 
     </span>
     <span class='ocr_line' id='line_1_21' title="bbox 217 2496 1361 2586; baseline -0.003 -21"><span class='ocrx_word' id='word_1_161' title='bbox 217 2497 328 2582; x_wconf 87' lang='grc' dir='ltr'><strong><em>μάνων</em></strong></span> <span class='ocrx_word' id='word_1_162' title='bbox 348 2496 498 2584; x_wconf 62' lang='grc' dir='ltr'><strong><em>Ῐέμόχετο</em></strong></span> <span class='ocrx_word' id='word_1_163' title='bbox 548 2501 601 2567; x_wconf 88' lang='grc' dir='ltr'><strong>καὶ</strong></span> <span class='ocrx_word' id='word_1_164' title='bbox 631 2497 824 2580; x_wconf 88' lang='grc' dir='ltr'><strong><em>τοσαυτάκις</em></strong></span> <span class='ocrx_word' id='word_1_165' title='bbox 856 2498 1011 2586; x_wconf 85' lang='grc' dir='ltr'><strong><em>πλήττων</em></strong></span> <span class='ocrx_word' id='word_1_166' title='bbox 1044 2496 1066 2585; x_wconf 77' lang='grc' dir='ltr'>ἢ</span> <span class='ocrx_word' id='word_1_167' title='bbox 1096 2501 1151 2566; x_wconf 83' lang='grc' dir='ltr'><strong>καὶ</strong></span> <span class='ocrx_word' id='word_1_168' title='bbox 1181 2501 1317 2566; x_wconf 84' lang='grc' dir='ltr'><strong><em>κτείνων</em></strong></span> <span class='ocrx_word' id='word_1_169' title='bbox 1326 2509 1361 2560; x_wconf 84' lang='lat'><strong>20</strong></span> 
     </span>
    </p>

    <p class='ocr_par' dir='ltr' id='par_1_5' title="bbox 188 2591 1315 2790">
     <span class='ocr_line' id='line_1_22' title="bbox 188 2591 1315 2692; baseline -0.001 -26"><span class='ocrx_word' id='word_1_170' title='bbox 188 2597 349 2688; x_wconf 79' lang='grc' dir='ltr'><strong><em>Ονικητὴς</em></strong></span> <span class='ocrx_word' id='word_1_171' title='bbox 367 2595 649 2692; x_wconf 73' lang='grc' dir='ltr'><strong><em>άνθυπέοτρεφεν.</em></strong></span> <span class='ocrx_word' id='word_1_172' title='bbox 695 2591 734 2692; x_wconf 80' lang='grc' dir='ltr'><strong><em>ἦν</em></strong></span> <span class='ocrx_word' id='word_1_173' title='bbox 755 2599 815 2688; x_wconf 85' lang='grc' dir='ltr'><strong>γάρ</strong></span> <span class='ocrx_word' id='word_1_174' title='bbox 845 2598 890 2682; x_wconf 71' lang='lat' dir='ltr'><strong>dg</strong></span> <span class='ocrx_word' id='word_1_175' title='bbox 920 2594 1055 2689; x_wconf 72' lang='grc' dir='ltr'><strong><em>άληθῶς</em></strong></span> <span class='ocrx_word' id='word_1_176' title='bbox 1080 2599 1226 2688; x_wconf 73' lang='grc' dir='ltr'><strong><em>μαχητής</em></strong></span> <span class='ocrx_word' id='word_1_177' title='bbox 1249 2623 1315 2686; x_wconf 86' lang='grc' dir='ltr'><strong><em>γεν-</em></strong></span> 
     </span>
     <span class='ocr_line' id='line_1_23' title="bbox 217 2693 1312 2790; baseline 0 -23"><span class='ocrx_word' id='word_1_178' title='bbox 217 2698 396 2782; x_wconf 85' lang='grc' dir='ltr'><strong><em>ναιότατος,</em></strong></span> <span class='ocrx_word' id='word_1_179' title='bbox 427 2699 581 2788; x_wconf 71' lang='grc' dir='ltr'><strong><em>καθάπερ</em></strong></span> <span class='ocrx_word' id='word_1_180' title='bbox 613 2701 685 2770; x_wconf 82' lang='grc' dir='ltr'><strong><em>τινά</em></strong></span> <span class='ocrx_word' id='word_1_181' title='bbox 716 2705 839 2790; x_wconf 83' lang='grc' dir='ltr'><strong><em>κλῆρον</em></strong></span> <span class='ocrx_word' id='word_1_182' title='bbox 875 2706 1030 2790; x_wconf 79' lang='grc' dir='ltr'><strong><em>πατρῷον</em></strong></span> <span class='ocrx_word' id='word_1_183' title='bbox 1066 2698 1125 2788; x_wconf 82' lang='grc' dir='ltr'><strong>τὴν</strong></span> <span class='ocrx_word' id='word_1_184' title='bbox 1161 2693 1312 2786; x_wconf 83' lang='grc' dir='ltr'><strong><em>άνδρείαν</em></strong></span> 
     </span>
    </p>
   </div>
   <div class='ocr_carea' id='block_1_3' title="bbox 314 2835 1315 2962">
    <p class='ocr_par' dir='ltr' id='par_1_6' title="bbox 314 2835 1315 2962">
     <span class='ocr_line' id='line_1_24' title="bbox 314 2835 1315 2962; baseline -0.002 -70"><span class='ocrx_word' id='word_1_185' title='bbox 314 2841 339 2892; x_wconf 87' lang='grc'><strong>3.</strong></span> <span class='ocrx_word' id='word_1_186' title='bbox 358 2836 428 2908; x_wconf 87' lang='grc' dir='ltr'><strong><em>πρὸς</em></strong></span> <span class='ocrx_word' id='word_1_187' title='bbox 446 2836 516 2893; x_wconf 83' lang='grc' dir='ltr'><strong><em>Θεὸν</em></strong></span> <span class='ocrx_word' id='word_1_188' title='bbox 526 2839 558 2908; x_wconf 78' lang='lat' dir='ltr'><strong>F,</strong></span> <span class='ocrx_word' id='word_1_189' title='bbox 576 2835 651 2909; x_wconf 84' lang='grc' dir='ltr'><strong><em>παρά</em></strong></span> <span class='ocrx_word' id='word_1_190' title='bbox 670 2839 739 2894; x_wconf 82' lang='grc' dir='ltr'><strong><em>Θεοῦ</em></strong></span> <span class='ocrx_word' id='word_1_191' title='bbox 750 2839 780 2895; x_wconf 90' lang='grc' dir='ltr'><strong>Ρ.</strong></span> <span class='ocrx_word' id='word_1_192' title='bbox 816 2837 849 2893; x_wconf 83' lang='grc' dir='ltr'><strong><em>τά</em></strong></span> <span class='ocrx_word' id='word_1_193' title='bbox 868 2839 946 2910; x_wconf 80' lang='grc' dir='ltr'><strong><em>πρὸς]</em></strong></span> <span class='ocrx_word' id='word_1_194' title='bbox 967 2836 1015 2906; x_wconf 75' lang='grc' dir='ltr'><strong>τὴν</strong></span> <span class='ocrx_word' id='word_1_195' title='bbox 1031 2836 1106 2962; x_wconf 61' lang='lat' dir='ltr'><strong>nupsi</strong></span> <span class='ocrx_word' id='word_1_196' title='bbox 1119 2836 1169 2892; x_wconf 59' lang='grc' dir='ltr'><strong>(λ’</strong></span> <span class='ocrx_word' id='word_1_197' title='bbox 1215 2839 1241 2891; x_wconf 84' lang='grc'><strong>4.</strong></span> <span class='ocrx_word' id='word_1_198' title='bbox 1260 2843 1315 2896; x_wconf 82' lang='grc' dir='ltr'><strong><em>τοῖς</em></strong></span> 
     </span>
    </p>
   </div>
   <div class='ocr_carea' id='block_1_4' title="bbox 313 2907 1316 3268">
    <p class='ocr_par' dir='ltr' id='par_1_7' title="bbox 313 2907 1316 3268">
     <span class='ocr_line' id='line_1_25' title="bbox 314 2907 1316 2982; baseline -0.003 -17"><span class='ocrx_word' id='word_1_199' title='bbox 314 2910 346 2965; x_wconf 83' lang='lat' dir='ltr'><strong>G.</strong></span> <span class='ocrx_word' id='word_1_200' title='bbox 401 2907 502 2982; x_wconf 80' lang='grc' dir='ltr'><strong><em>ἡμέραι</em></strong></span> <span class='ocrx_word' id='word_1_201' title='bbox 521 2911 552 2977; x_wconf 90' lang='lat' dir='ltr'><strong>F,</strong></span> <span class='ocrx_word' id='word_1_202' title='bbox 568 2908 682 2982; x_wconf 78' lang='grc' dir='ltr'><strong><em>ἡμέρως</em></strong></span> <span class='ocrx_word' id='word_1_203' title='bbox 699 2911 729 2967; x_wconf 90' lang='grc' dir='ltr'><strong>Ρ.</strong></span> <span class='ocrx_word' id='word_1_204' title='bbox 819 2912 844 2966; x_wconf 79' lang='lat'><strong>5.</strong></span> <span class='ocrx_word' id='word_1_205' title='bbox 864 2912 911 2964; x_wconf 82' lang='grc' dir='ltr'><strong><em>τοῦ</em></strong></span> <span class='ocrx_word' id='word_1_206' title='bbox 929 2911 985 2974; x_wconf 80' lang='lat' dir='ltr'><strong>Fe,</strong></span> <span class='ocrx_word' id='word_1_207' title='bbox 1005 2928 1059 2966; x_wconf 87' lang='lat' dir='ltr'><strong>om.</strong></span> <span class='ocrx_word' id='word_1_208' title='bbox 1095 2949 1102 2964; x_wconf 89' lang='lat'><strong>.</strong></span> <span class='ocrx_word' id='word_1_209' title='bbox 1208 2911 1233 2963; x_wconf 80' lang='lat'><strong>8.</strong></span> <span class='ocrx_word' id='word_1_210' title='bbox 1251 2929 1316 2979; x_wconf 85' lang='grc' dir='ltr'><strong><em>καρ-</em></strong></span> 
     </span>
     <span class='ocr_line' id='line_1_26' title="bbox 314 2977 1314 3056; baseline -0.001 -22"><span class='ocrx_word' id='word_1_211' title='bbox 314 2981 391 3053; x_wconf 83' lang='grc' dir='ltr'><strong><em>τεροῦ</em></strong></span> <span class='ocrx_word' id='word_1_212' title='bbox 410 2981 442 3050; x_wconf 78' lang='lat' dir='ltr'><strong>F,</strong></span> <span class='ocrx_word' id='word_1_213' title='bbox 461 2983 596 3052; x_wconf 80' lang='grc' dir='ltr'><strong><em>καρτερῶς</em></strong></span> <span class='ocrx_word' id='word_1_214' title='bbox 605 2982 635 3037; x_wconf 93' lang='lat' dir='ltr'><strong>P.</strong></span> <span class='ocrx_word' id='word_1_215' title='bbox 741 2984 765 3036; x_wconf 86' lang='grc'><strong>9.</strong></span> <span class='ocrx_word' id='word_1_216' title='bbox 785 2979 994 3056; x_wconf 72' lang='grc' dir='ltr'><strong><em>ἀγωνιζομένων</em></strong></span> <span class='ocrx_word' id='word_1_217' title='bbox 1020 2981 1052 3036; x_wconf 84' lang='lat' dir='ltr'><strong>G.</strong></span> <span class='ocrx_word' id='word_1_218' title='bbox 1154 2977 1314 3033; x_wconf 88' lang='grc' dir='ltr'><strong><em>11.ὁΜα-</em></strong></span> 
     </span>
     <span class='ocr_line' id='line_1_27' title="bbox 313 3049 1314 3124; baseline -0.001 -19"><span class='ocrx_word' id='word_1_219' title='bbox 313 3051 406 3122; x_wconf 82' lang='grc' dir='ltr'><strong><em>ριανὸς</em></strong></span> <span class='ocrx_word' id='word_1_220' title='bbox 416 3053 446 3121; x_wconf 82' lang='grc' dir='ltr'><strong>Ρ,</strong></span> <span class='ocrx_word' id='word_1_221' title='bbox 465 3051 480 3106; x_wconf 92' lang='grc' dir='ltr'>ὁ</span> <span class='ocrx_word' id='word_1_222' title='bbox 500 3070 553 3107; x_wconf 91' lang='lat' dir='ltr'><strong>om.</strong></span> <span class='ocrx_word' id='word_1_223' title='bbox 569 3053 601 3106; x_wconf 77' lang='lat' dir='ltr'><strong>F.</strong></span> <span class='ocrx_word' id='word_1_224' title='bbox 638 3053 685 3107; x_wconf 80' lang='grc' dir='ltr'><strong><em>τοῦ</em></strong></span> <span class='ocrx_word' id='word_1_225' title='bbox 700 3051 853 3124; x_wconf 86' lang='grc' dir='ltr'><strong><em>Τογορτὰκ]</em></strong></span> <span class='ocrx_word' id='word_1_226' title='bbox 871 3055 966 3108; x_wconf 83' lang='grc' dir='ltr'><strong><em>τοῦτον</em></strong></span> <span class='ocrx_word' id='word_1_227' title='bbox 982 3053 1087 3124; x_wconf 74' lang='grc' dir='ltr'><strong><em>γορτοῦ</em></strong></span> <span class='ocrx_word' id='word_1_228' title='bbox 1100 3051 1132 3105; x_wconf 86' lang='lat' dir='ltr'><strong>G.</strong></span> <span class='ocrx_word' id='word_1_229' title='bbox 1172 3049 1314 3122; x_wconf 83' lang='grc' dir='ltr'><strong><em>Τογορτάκ</em></strong></span> 
     </span>
     <span class='ocr_line' id='line_1_28' title="bbox 313 3121 1314 3209; baseline -0.001 -30"><span class='ocrx_word' id='word_1_230' title='bbox 313 3125 424 3209; x_wconf 75' lang='lat' dir='ltr'>scripsi:</span> <span class='ocrx_word' id='word_1_231' title='bbox 445 3121 587 3194; x_wconf 83' lang='grc' dir='ltr'><strong><em>Τογορτάν</em></strong></span> <span class='ocrx_word' id='word_1_232' title='bbox 603 3125 636 3193; x_wconf 85' lang='lat' dir='ltr'><strong>F,</strong></span> <span class='ocrx_word' id='word_1_233' title='bbox 659 3129 782 3196; x_wconf 77' lang='grc' dir='ltr'><strong><em>Ἰἀγορτιὶ</em></strong></span> <span class='ocrx_word' id='word_1_234' title='bbox 796 3125 826 3194; x_wconf 88' lang='grc' dir='ltr'><strong>Ρ,</strong></span> <span class='ocrx_word' id='word_1_235' title='bbox 847 3126 982 3198; x_wconf 83' lang='grc' dir='ltr'><strong><em>Τυγορτοῦ</em></strong></span> <span class='ocrx_word' id='word_1_236' title='bbox 1002 3124 1029 3180; x_wconf 86' lang='lat' dir='ltr'><strong>C.</strong></span> <span class='ocrx_word' id='word_1_237' title='bbox 1140 3123 1179 3176; x_wconf 77' lang='lat'><strong>13.</strong></span> <span class='ocrx_word' id='word_1_238' title='bbox 1199 3123 1314 3194; x_wconf 72' lang='grc' dir='ltr'><strong><em>ἐναγκα-</em></strong></span> 
     </span>
     <span class='ocr_line' id='line_1_29' title="bbox 313 3195 901 3268; baseline 0.003 -20"><span class='ocrx_word' id='word_1_239' title='bbox 313 3195 470 3268; x_wconf 58' lang='lat' dir='ltr'><strong>sucessor]</strong></span> <span class='ocrx_word' id='word_1_240' title='bbox 490 3202 653 3256; x_wconf 80' lang='grc' dir='ltr'><strong><em>κατασείσας</em></strong></span> <span class='ocrx_word' id='word_1_241' title='bbox 666 3197 695 3266; x_wconf 82' lang='lat' dir='ltr'><strong>G,</strong></span> <span class='ocrx_word' id='word_1_242' title='bbox 713 3202 858 3258; x_wconf 63' lang='lat' dir='ltr'><strong>sesoostris</strong></span> <span class='ocrx_word' id='word_1_243' title='bbox 868 3197 901 3252; x_wconf 88' lang='lat' dir='ltr'><strong>G.</strong></span> 
     </span>
    </p>
   </div>
   <div class='ocr_carea' id='block_1_5' title="bbox 134 3317 1313 4391">
    <p class='ocr_par' dir='ltr' id='par_1_8' title="bbox 134 3317 1313 4391">
     <span class='ocr_line' id='line_1_30' title="bbox 214 3317 1312 3390; baseline -0.002 -18"><span class='ocrx_word' id='word_1_244' title='bbox 214 3317 300 3372; x_wconf 81' lang='lat' dir='ltr'><strong>rubile</strong></span> <span class='ocrx_word' id='word_1_245' title='bbox 319 3317 373 3372; x_wconf 89' lang='lat' dir='ltr'><strong>fuit</strong></span> <span class='ocrx_word' id='word_1_246' title='bbox 391 3318 578 3388; x_wconf 65' lang='lat' dir='ltr'><strong>spectaculum</strong></span> <span class='ocrx_word' id='word_1_247' title='bbox 595 3318 701 3373; x_wconf 87' lang='lat' dir='ltr'><strong>iuvenis</strong></span> <span class='ocrx_word' id='word_1_248' title='bbox 722 3319 881 3390; x_wconf 81' lang='lat' dir='ltr'><strong>equitantis.</strong></span> <span class='ocrx_word' id='word_1_249' title='bbox 906 3324 934 3372; x_wconf 89' lang='lat' dir='ltr'><strong>et</strong></span> <span class='ocrx_word' id='word_1_250' title='bbox 951 3333 1047 3373; x_wconf 83' lang='lat' dir='ltr'><strong>revers</strong></span> <span class='ocrx_word' id='word_1_251' title='bbox 1064 3317 1187 3372; x_wconf 86' lang='lat' dir='ltr'><strong>nstursi</strong></span> <span class='ocrx_word' id='word_1_252' title='bbox 1209 3333 1239 3370; x_wconf 86' lang='lat' dir='ltr'><strong>ss</strong></span> <span class='ocrx_word' id='word_1_253' title='bbox 1256 3333 1312 3370; x_wconf 84' lang='lat' dir='ltr'><strong>mn·</strong></span> 
     </span>
     <span class='ocr_line' id='line_1_31' title="bbox 213 3335 1312 3461; baseline -0.001 -17"><span class='ocrx_word' id='word_1_254' title='bbox 213 3391 314 3444; x_wconf 87' lang='lat' dir='ltr'><strong>bitioes</strong></span> <span class='ocrx_word' id='word_1_255' title='bbox 333 3407 393 3444; x_wconf 88' lang='lat' dir='ltr'><strong>eum</strong></span> <span class='ocrx_word' id='word_1_256' title='bbox 423 3395 617 3459; x_wconf 60' lang='lat' dir='ltr'><strong>exornavere</strong></span> <span class='ocrx_word' id='word_1_257' title='bbox 645 3391 764 3445; x_wconf 80' lang='lat' dir='ltr'><strong>maxims</strong></span> <span class='ocrx_word' id='word_1_258' title='bbox 782 3393 866 3446; x_wconf 86' lang='lat' dir='ltr'><strong>etism</strong></span> <span class='ocrx_word' id='word_1_259' title='bbox 893 3407 958 3461; x_wconf 86' lang='lat' dir='ltr'><strong>ergu</strong></span> <span class='ocrx_word' id='word_1_260' title='bbox 976 3389 1057 3443; x_wconf 88' lang='lat' dir='ltr'><strong>deum</strong></span> <span class='ocrx_word' id='word_1_261' title='bbox 1086 3388 1140 3442; x_wconf 90' lang='lat' dir='ltr'><strong>fuit</strong></span> <span class='ocrx_word' id='word_1_262' title='bbox 1157 3335 1312 3458; x_wconf 75' lang='lat' dir='ltr'><strong>reiigiosus,</strong></span> 
     </span>
     <span class='ocr_line' id='line_1_32' title="bbox 213 3460 1313 3532; baseline -0.002 -16"><span class='ocrx_word' id='word_1_263' title='bbox 213 3479 280 3532; x_wconf 79' lang='lat' dir='ltr'><strong>ergo</strong></span> <span class='ocrx_word' id='word_1_264' title='bbox 308 3462 432 3520; x_wconf 89' lang='lat' dir='ltr'><strong>homines</strong></span> <span class='ocrx_word' id='word_1_265' title='bbox 460 3464 550 3516; x_wconf 82' lang='lat' dir='ltr'><strong>suevis</strong></span> <span class='ocrx_word' id='word_1_266' title='bbox 577 3467 605 3516; x_wconf 87' lang='lat' dir='ltr'><strong>st</strong></span> <span class='ocrx_word' id='word_1_267' title='bbox 634 3463 781 3517; x_wconf 77' lang='lat' dir='ltr'><strong>nmebilis.¹</strong></span> <span class='ocrx_word' id='word_1_268' title='bbox 806 3462 922 3517; x_wconf 85' lang='lat' dir='ltr'><strong>necdum</strong></span> <span class='ocrx_word' id='word_1_269' title='bbox 949 3461 1102 3516; x_wconf 85' lang='lat' dir='ltr'><strong>interiectis</strong></span> <span class='ocrx_word' id='word_1_270' title='bbox 1128 3460 1313 3530; x_wconf 81' lang='lat' dir='ltr'><strong>qnsdrsgints</strong></span> 
     </span>
     <span class='ocr_line' id='line_1_33' title="bbox 214 3531 1312 3604; baseline -0.002 -16"><span class='ocrx_word' id='word_1_271' title='bbox 214 3540 276 3588; x_wconf 87' lang='lat' dir='ltr'><strong>octo</strong></span> <span class='ocrx_word' id='word_1_272' title='bbox 295 3533 400 3602; x_wconf 90' lang='lat' dir='ltr'><strong>diebus,</strong></span> <span class='ocrx_word' id='word_1_273' title='bbox 420 3536 493 3587; x_wconf 89' lang='lat' dir='ltr'><strong>iussu</strong></span> <span class='ocrx_word' id='word_1_274' title='bbox 517 3533 666 3602; x_wconf 90' lang='lat' dir='ltr'><strong>Nicephori</strong></span> <span class='ocrx_word' id='word_1_275' title='bbox 690 3534 830 3604; x_wconf 81' lang='lat' dir='ltr'><strong>Bryennii‚</strong></span> <span class='ocrx_word' id='word_1_276' title='bbox 859 3551 942 3604; x_wconf 88' lang='lat' dir='ltr'><strong>penes</strong></span> <span class='ocrx_word' id='word_1_277' title='bbox 965 3551 1045 3603; x_wconf 89' lang='lat' dir='ltr'><strong>quem</strong></span> <span class='ocrx_word' id='word_1_278' title='bbox 1069 3534 1157 3587; x_wconf 88' lang='lat' dir='ltr'><strong>omnis</strong></span> <span class='ocrx_word' id='word_1_279' title='bbox 1176 3531 1312 3586; x_wconf 76' lang='lat' dir='ltr'><strong>Adriano·</strong></span> 
     </span>
     <span class='ocr_line' id='line_1_34' title="bbox 214 3603 1312 3676; baseline -0.001 -17"><span class='ocrx_word' id='word_1_280' title='bbox 214 3606 285 3676; x_wconf 92' lang='lat' dir='ltr'><strong>polis</strong></span> <span class='ocrx_word' id='word_1_281' title='bbox 302 3611 423 3676; x_wconf 81' lang='lat' dir='ltr'><strong>potestus</strong></span> <span class='ocrx_word' id='word_1_282' title='bbox 442 3611 511 3674; x_wconf 82' lang='lat' dir='ltr'><strong>erut,</strong></span> <span class='ocrx_word' id='word_1_283' title='bbox 534 3603 681 3675; x_wconf 76' lang='lat' dir='ltr'><strong>patefactis</strong></span> <span class='ocrx_word' id='word_1_284' title='bbox 710 3612 825 3675; x_wconf 88' lang='lat' dir='ltr'><strong>repente</strong></span> <span class='ocrx_word' id='word_1_285' title='bbox 850 3607 938 3675; x_wconf 88' lang='lat' dir='ltr'><strong>portis</strong></span> <span class='ocrx_word' id='word_1_286' title='bbox 963 3603 1067 3658; x_wconf 87' lang='lat' dir='ltr'><strong>strenui</strong></span> <span class='ocrx_word' id='word_1_287' title='bbox 1096 3603 1197 3657; x_wconf 75' lang='lat' dir='ltr'><strong>milites</strong></span> <span class='ocrx_word' id='word_1_288' title='bbox 1215 3605 1244 3657; x_wconf 92' lang='lat' dir='ltr'><strong>in</strong></span> <span class='ocrx_word' id='word_1_289' title='bbox 1263 3603 1312 3658; x_wconf 84' lang='lat' dir='ltr'><strong>Oc·</strong></span> 
     </span>
     <span class='ocr_line' id='line_1_35' title="bbox 214 3673 1312 3747; baseline -0.002 -17"><span class='ocrx_word' id='word_1_290' title='bbox 214 3694 309 3731; x_wconf 84' lang='lat' dir='ltr'><strong>menos</strong></span> <span class='ocrx_word' id='word_1_291' title='bbox 338 3681 499 3746; x_wconf 88' lang='lat' dir='ltr'><strong>erumpunt;</strong></span> <span class='ocrx_word' id='word_1_292' title='bbox 530 3679 718 3747; x_wconf 77' lang='lat' dir='ltr'><strong>acerrimoque</strong></span> <span class='ocrx_word' id='word_1_293' title='bbox 741 3677 848 3746; x_wconf 88' lang='lat' dir='ltr'><strong>proelio</strong></span> <span class='ocrx_word' id='word_1_294' title='bbox 879 3681 1004 3731; x_wconf 87' lang='lat' dir='ltr'><strong>conserto</strong></span> <span class='ocrx_word' id='word_1_295' title='bbox 1028 3673 1109 3728; x_wconf 81' lang='lat' dir='ltr'><strong>multi</strong></span> <span class='ocrx_word' id='word_1_296' title='bbox 1130 3674 1238 3742; x_wconf 88' lang='lat' dir='ltr'><strong>quidem</strong></span> <span class='ocrx_word' id='word_1_297' title='bbox 1259 3673 1312 3728; x_wconf 91' lang='lat' dir='ltr'><strong>Rc·</strong></span> 
     </span>
     <span class='ocr_line' id='line_1_36' title="bbox 214 3745 1311 3818; baseline -0.002 -16"><span class='ocrx_word' id='word_1_298' title='bbox 214 3750 289 3802; x_wconf 86' lang='lat' dir='ltr'><strong>meni</strong></span> <span class='ocrx_word' id='word_1_299' title='bbox 305 3748 417 3803; x_wconf 91' lang='lat' dir='ltr'><strong>fortiter</strong></span> <span class='ocrx_word' id='word_1_300' title='bbox 437 3754 573 3802; x_wconf 78' lang='lat' dir='ltr'><strong>certantes</strong></span> <span class='ocrx_word' id='word_1_301' title='bbox 589 3766 639 3803; x_wconf 89' lang='lat' dir='ltr'><strong>nec</strong></span> <span class='ocrx_word' id='word_1_302' title='bbox 651 3749 726 3804; x_wconf 82' lang='lat' dir='ltr'><strong>vitae</strong></span> <span class='ocrx_word' id='word_1_303' title='bbox 742 3755 884 3818; x_wconf 77' lang='lat' dir='ltr'><strong>parcentes</strong></span> <span class='ocrx_word' id='word_1_304' title='bbox 904 3747 1098 3812; x_wconf 84' lang='lat' dir='ltr'><strong>occubuerunt,</strong></span> <span class='ocrx_word' id='word_1_305' title='bbox 1111 3745 1204 3816; x_wconf 86' lang='lat' dir='ltr'><strong>plures</strong></span> <span class='ocrx_word' id='word_1_306' title='bbox 1218 3750 1311 3800; x_wconf 83' lang='lat' dir='ltr'><strong>temen</strong></span> 
     </span>
     <span class='ocr_line' id='line_1_37' title="bbox 213 3817 1311 3888; baseline -0.004 -14"><span class='ocrx_word' id='word_1_307' title='bbox 213 3821 398 3875; x_wconf 79' lang='lat' dir='ltr'><strong>trucidarunt.</strong></span> <span class='ocrx_word' id='word_1_308' title='bbox 427 3821 466 3874; x_wconf 91' lang='lat' dir='ltr'><strong>ibi</strong></span> <span class='ocrx_word' id='word_1_309' title='bbox 483 3820 624 3874; x_wconf 83' lang='lat' dir='ltr'><strong>Merisnus</strong></span> <span class='ocrx_word' id='word_1_310' title='bbox 639 3819 868 3888; x_wconf 85' lang='lat' dir='ltr'><strong>Msurocstscsio,</strong></span> <span class='ocrx_word' id='word_1_311' title='bbox 888 3837 950 3874; x_wconf 89' lang='lat' dir='ltr'><strong>cum</strong></span> <span class='ocrx_word' id='word_1_312' title='bbox 957 3817 1095 3888; x_wconf 82' lang='lat' dir='ltr'><strong>Togortsc</strong></span> <span class='ocrx_word' id='word_1_313' title='bbox 1109 3833 1246 3871; x_wconf 83' lang='lat' dir='ltr'><strong>summum</strong></span> <span class='ocrx_word' id='word_1_314' title='bbox 1263 3817 1311 3871; x_wconf 85' lang='lat' dir='ltr'><strong>Oo-</strong></span> 
     </span>
     <span class='ocr_line' id='line_1_38' title="bbox 134 3889 1310 3962; baseline -0.003 -16"><span class='ocrx_word' id='word_1_315' title='bbox 134 3943 135 3946; x_wconf 76' lang='grc'>,</span> <span class='ocrx_word' id='word_1_316' title='bbox 214 3909 358 3946; x_wconf 75' lang='lat' dir='ltr'><strong>munorum</strong></span> <span class='ocrx_word' id='word_1_317' title='bbox 386 3891 484 3947; x_wconf 89' lang='lat' dir='ltr'><strong>ducem</strong></span> <span class='ocrx_word' id='word_1_318' title='bbox 511 3893 704 3961; x_wconf 82' lang='lat' dir='ltr'><strong>conspexisset,</strong></span> <span class='ocrx_word' id='word_1_319' title='bbox 731 3893 837 3946; x_wconf 77' lang='lat' dir='ltr'><strong>hostem</strong></span> <span class='ocrx_word' id='word_1_320' title='bbox 862 3892 974 3962; x_wconf 81' lang='lat' dir='ltr'><strong>longum</strong></span> <span class='ocrx_word' id='word_1_321' title='bbox 1003 3889 1114 3944; x_wconf 73' lang='lat' dir='ltr'><strong>vibrans</strong></span> <span class='ocrx_word' id='word_1_322' title='bbox 1141 3889 1213 3944; x_wconf 87' lang='lat' dir='ltr'><strong>dstis</strong></span> <span class='ocrx_word' id='word_1_323' title='bbox 1240 3905 1310 3958; x_wconf 91' lang='lat' dir='ltr'><strong>equo</strong></span> 
     </span>
     <span class='ocr_line' id='line_1_39' title="bbox 215 3960 1310 4033; baseline -0.002 -17"><span class='ocrx_word' id='word_1_324' title='bbox 215 3961 328 4018; x_wconf 78' lang='lat' dir='ltr'><strong>habenis</strong></span> <span class='ocrx_word' id='word_1_325' title='bbox 356 3963 500 4018; x_wconf 85' lang='lat' dir='ltr'><strong>confestim</strong></span> <span class='ocrx_word' id='word_1_326' title='bbox 518 3981 580 4017; x_wconf 89' lang='lat' dir='ltr'><strong>eum</strong></span> <span class='ocrx_word' id='word_1_327' title='bbox 599 3965 720 4017; x_wconf 87' lang='lat' dir='ltr'><strong>incurrit</strong></span> <span class='ocrx_word' id='word_1_328' title='bbox 745 3964 951 4033; x_wconf 83' lang='lat' dir='ltr'><strong>cecidissetque,</strong></span> <span class='ocrx_word' id='word_1_329' title='bbox 969 3961 999 4015; x_wconf 91' lang='lat' dir='ltr'><strong>ni</strong></span> <span class='ocrx_word' id='word_1_330' title='bbox 1016 3960 1175 4016; x_wconf 85' lang='lat' dir='ltr'><strong>circumfusi</strong></span> <span class='ocrx_word' id='word_1_331' title='bbox 1197 3960 1310 4015; x_wconf 81' lang='lat' dir='ltr'><strong>Comani</strong></span> 
     </span>
     <span class='ocr_line' id='line_1_40' title="bbox 214 4031 1311 4104; baseline -0.002 -17"><span class='ocrx_word' id='word_1_332' title='bbox 214 4035 361 4090; x_wconf 88' lang='lat' dir='ltr'><strong>interfecto</strong></span> <span class='ocrx_word' id='word_1_333' title='bbox 379 4053 465 4104; x_wconf 87' lang='lat' dir='ltr'><strong>psene</strong></span> <span class='ocrx_word' id='word_1_334' title='bbox 483 4035 608 4089; x_wconf 76' lang='lat' dir='ltr'><strong>Mariano</strong></span> <span class='ocrx_word' id='word_1_335' title='bbox 638 4041 747 4089; x_wconf 79' lang='lat' dir='ltr'><strong>mature</strong></span> <span class='ocrx_word' id='word_1_336' title='bbox 771 4037 838 4091; x_wconf 78' lang='lat' dir='ltr'><strong>eum&#39;</strong></span> <span class='ocrx_word' id='word_1_337' title='bbox 861 4034 1062 4089; x_wconf 87' lang='lat' dir='ltr'><strong>subduxissent.</strong></span> <span class='ocrx_word' id='word_1_338' title='bbox 1099 4031 1144 4087; x_wconf 91' lang='lat' dir='ltr'><strong>hic</strong></span> <span class='ocrx_word' id='word_1_339' title='bbox 1162 4031 1311 4098; x_wconf 78' lang='lat' dir='ltr'><strong>Marianus,</strong></span> 
     </span>
     <span class='ocr_line' id='line_1_41' title="bbox 214 4101 1311 4177; baseline -0.002 -18"><span class='ocrx_word' id='word_1_340' title='bbox 214 4105 279 4162; x_wconf 86' lang='lat' dir='ltr'><strong>licet</strong></span> <span class='ocrx_word' id='word_1_341' title='bbox 315 4108 422 4161; x_wconf 84' lang='lat' dir='ltr'><strong>iuvenis</strong></span> <span class='ocrx_word' id='word_1_342' title='bbox 458 4125 490 4162; x_wconf 84' lang='lat' dir='ltr'><strong>nc</strong></span> <span class='ocrx_word' id='word_1_343' title='bbox 517 4108 564 4161; x_wconf 87' lang='lat' dir='ltr'><strong>vix</strong></span> <span class='ocrx_word' id='word_1_344' title='bbox 604 4107 780 4176; x_wconf 76' lang='lat' dir='ltr'><strong>pubertatem</strong></span> <span class='ocrx_word' id='word_1_345' title='bbox 808 4109 954 4177; x_wconf 84' lang='lat' dir='ltr'><strong>ingressus,</strong></span> <span class='ocrx_word' id='word_1_346' title='bbox 985 4121 1064 4174; x_wconf 87' lang='lat' dir='ltr'><strong>ssepc</strong></span> <span class='ocrx_word' id='word_1_347' title='bbox 1096 4121 1130 4158; x_wconf 87' lang='lat' dir='ltr'><strong>ex</strong></span> <span class='ocrx_word' id='word_1_348' title='bbox 1160 4101 1311 4158; x_wconf 85' lang='lat' dir='ltr'><strong>Orestisdis</strong></span> 
     </span>
     <span class='ocr_line' id='line_1_42' title="bbox 214 4177 1311 4249; baseline -0.005 -16"><span class='ocrx_word' id='word_1_349' title='bbox 214 4179 303 4248; x_wconf 88' lang='lat' dir='ltr'><strong>portis</strong></span> <span class='ocrx_word' id='word_1_350' title='bbox 321 4197 468 4249; x_wconf 89' lang='lat' dir='ltr'><strong>erumpens</strong></span> <span class='ocrx_word' id='word_1_351' title='bbox 486 4195 548 4234; x_wconf 88' lang='lat' dir='ltr'><strong>cum</strong></span> <span class='ocrx_word' id='word_1_352' title='bbox 568 4177 695 4232; x_wconf 80' lang='lat' dir='ltr'><strong>Comanis</strong></span> <span class='ocrx_word' id='word_1_353' title='bbox 711 4180 854 4248; x_wconf 82' lang='lat' dir='ltr'><strong>pugusbst</strong></span> <span class='ocrx_word' id='word_1_354' title='bbox 876 4178 1009 4246; x_wconf 87' lang='lat' dir='ltr'><strong>hosteque</strong></span> <span class='ocrx_word' id='word_1_355' title='bbox 1038 4180 1087 4228; x_wconf 88' lang='lat' dir='ltr'><strong>sut</strong></span> <span class='ocrx_word' id='word_1_356' title='bbox 1105 4192 1233 4244; x_wconf 86' lang='lat' dir='ltr'><strong>percusso</strong></span> <span class='ocrx_word' id='word_1_357' title='bbox 1262 4179 1311 4228; x_wconf 87' lang='lat' dir='ltr'><strong>sut</strong></span> 
     </span>
     <span class='ocr_line' id='line_1_43' title="bbox 215 4246 1310 4320; baseline -0.005 -16"><span class='ocrx_word' id='word_1_358' title='bbox 215 4250 361 4304; x_wconf 82' lang='lat' dir='ltr'><strong>interfecto</strong></span> <span class='ocrx_word' id='word_1_359' title='bbox 380 4252 469 4305; x_wconf 83' lang='lat' dir='ltr'><strong>victor</strong></span> <span class='ocrx_word' id='word_1_360' title='bbox 498 4263 605 4320; x_wconf 87' lang='lat' dir='ltr'><strong>semper</strong></span> <span class='ocrx_word' id='word_1_361' title='bbox 632 4250 749 4304; x_wconf 82' lang='lat' dir='ltr'><strong>redibat.</strong></span> <span class='ocrx_word' id='word_1_362' title='bbox 805 4267 869 4303; x_wconf 82' lang='lat' dir='ltr'><strong>nem</strong></span> <span class='ocrx_word' id='word_1_363' title='bbox 895 4247 1061 4302; x_wconf 88' lang='lat' dir='ltr'><strong>fortissimus</strong></span> <span class='ocrx_word' id='word_1_364' title='bbox 1088 4252 1164 4301; x_wconf 86' lang='lat' dir='ltr'><strong>certo</strong></span> <span class='ocrx_word' id='word_1_365' title='bbox 1190 4246 1310 4301; x_wconf 70' lang='lat' dir='ltr'><strong>bellator</strong></span> 
     </span>
     <span class='ocr_line' id='line_1_44' title="bbox 214 4317 1309 4391; baseline -0.005 -15"><span class='ocrx_word' id='word_1_366' title='bbox 214 4327 274 4376; x_wconf 82' lang='lat' dir='ltr'><strong>eret</strong></span> <span class='ocrx_word' id='word_1_367' title='bbox 292 4339 324 4376; x_wconf 88' lang='lat' dir='ltr'><strong>sc</strong></span> <span class='ocrx_word' id='word_1_368' title='bbox 343 4323 477 4376; x_wconf 88' lang='lat' dir='ltr'><strong>virtutem</strong></span> <span class='ocrx_word' id='word_1_369' title='bbox 494 4323 573 4391; x_wconf 81' lang='lat' dir='ltr'><strong>qussi</strong></span> <span class='ocrx_word' id='word_1_370' title='bbox 590 4320 773 4375; x_wconf 80' lang='lat' dir='ltr'><strong>hereditatem</strong></span> <span class='ocrx_word' id='word_1_371' title='bbox 790 4326 935 4390; x_wconf 84' lang='lat' dir='ltr'><strong>psternsm</strong></span> <span class='ocrx_word' id='word_1_372' title='bbox 952 4318 1076 4385; x_wconf 84' lang='lat' dir='ltr'><strong>sortitus,</strong></span> <span class='ocrx_word' id='word_1_373' title='bbox 1095 4317 1309 4372; x_wconf 88' lang='lat' dir='ltr'><strong>fortissimorum</strong></span> 
     </span>
    </p>
   </div>
   <div class='ocr_carea' id='block_1_6' title="bbox 0 0 1384 4756">
    <p class='ocr_par' dir='ltr' id='par_1_9' title="bbox 0 0 1384 4756">
     <span class='ocr_line' id='line_1_45' title="bbox 0 0 1384 4756; baseline 0 2"><span class='ocrx_word' id='word_1_374' title='bbox 0 0 1384 4756; x_wconf 95' lang='lat' dir='ltr'><strong> </strong></span> 
     </span>
    </p>
   </div>
  </div>
 </body>
</html>
