2760 4756
223 410 265 472 44
496 481 502 493 ,
599 417 936 474 tremensem

223 585 377 676 ληλυθιδς
397 586 537 674 θώρακα
557 591 611 656 καί
634 589 731 678 αὐτῆς
753 585 865 679 ἥψατο
888 596 946 679 τῆς
965 593 1118 678 πλευρᾶς.
1150 589 1256 678 ίερεδς
1281 594 1317 660 δέ

113 705 142 761 P.
162 707 215 760 292
223 713 273 769 τις
296 696 444 770 Λατῖνος
463 690 727 774 τρισκαιδέκατος
746 689 913 779 τυγχάνων
935 697 1003 760 τῶν
1029 690 1089 760 σδν
1110 697 1197 782 αὐτῷ
1219 720 1316 778 μαχο-

223 792 329 874 μένων
367 795 465 859 τοῠτο
498 788 704 876 θεασάμενος
751 791 946 876 πρυμνόθεν
986 789 1161 878 ἱστάμενος
1193 793 1317 874 πολλάς

109 901 142 959 V.
162 892 356 1012 231βολίδας
376 890 459 959 κατά
478 897 538 960 τοῦ
561 898 734 978 Μαριανοῦ
757 894 951 980 ἐξέπεμψεν.
1000 887 1069 961 ἀλλ’
1098 889 1216 963 066‘
1200 921 1218 962 ο
1243 902 1316 962 Μα-

222 991 332 1114 ριανδς
353 993 496 1062 ἐνεδίδου
527 987 625 1073 αάτός
643 1019 679 1061 τε
699 993 858 1119 ἐκθύμως
879 994 1064 1081 μαχόμενος
1087 998 1140 1064 καί
1166 1001 1240 1076 τοῖς
1260 997 1342 1062 δπ’5

219 1086 319 1162 αδτδν
337 1100 435 1162 τοίτο
458 1093 769 1196 παρακελευόμενος,
792 1093 838 1176 τίς
862 1093 1030 1181 τρισσάκις
1049 1095 1132 1177 τοδς
1152 1096 1236 1182 μετά
1260 1109 1319 1166 τοῦ

219 1193 406 1262 Λατίνου(
397 1198 510 1281 ιερέως
522 1189 797 1324 δρεαλίυχθῇναι
810 1197 1092 1285 τιτρωσκομένους
1111 1221 1147 1265 τε
1179 1198 1233 1264 καί
1264 1222 1316 1263 κο-

219 1301 373 1377 πιῶντας.
416 1299 470 1366 καὶ
490 1292 590 1378 ου’τδς
611 1295 687 1366 δὲ(
669 1322 686 1365 ο
711 1294 831 1382 ἱερεύς,
853 1294 912 1364 κάν
944 1299 1068 1379 πολίιὶς
1099 1295 1157 1378 τάς
1187 1295 1317 1420 πλργάς

218 1387 450 1483 δεδεγμένος
430 1425 468 1488 ην
488 1400 542 1465 καί
563 1403 611 1520 τῷ
633 1395 708 1487 ἰδίῳ
729 1400 841 1482 αἵματι
857 1395 1121 1484 περιρρεόμενος,
1142 1391 1247 1465 ‹iw‘
1227 1424 1318 1484 ομως

218 1523 375 1584 ατρεστυς
396 1488 443 1621 66.
486 1492 525 1569 οδ
551 1497 611 1586 γάρ
633 1497 725 1566 κατά
745 1497 789 1566 τά
810 1493 893 1566 αδτά
914 1496 992 1590 ἡμῖν
1022 1525 1058 1567 τε
1080 1502 1133 1567 καί
1154 1505 1226 1580 τοῖς
1245 1505 1363 1567 Ars-10

187 1600 321 1679 Βτίνοις
341 1601 420 1685 περὶ
440 1604 507 1666 τῶν
528 1595 714 1685 ἱερωμένων
734 1599 902 1666 δέδοκται
935 1593 1055 1665 ἀλλ’(
1037 1605 1132 1688 ημεῖς
1151 1601 1210 1685 μὲν
1233 1599 1319 1666 ἔντε-

219 1697 371 1786 τάλμεθα
392 1697 482 1784 παρά
503 1725 540 1768 τε
561 1705 627 1768 τῶν
649 1695 793 1767 κανόνων
818 1700 872 1766 καὶ
886 1695 997 1784 νόμων
1010 1702 1064 1767 καί
1085 1705 1144 1768 τοῦ
1159 1693 1319 1786 εὐαγγελι-

220 1804 284 1868 κυῦ
305 1797 467 1886 δύνοντος
496 1798 562 1890 “66
584 1801 691 1890 θίξιν,
713 1797 757 1887 μδ
784 1797 909 1890 τεύξω,
937 1797 981 1888 μὴ
1013 1798 1108 1890 ἕνα·
1144 1797 1320 1884 ἱερωμένος

219 1897 278 1986 γάρ
301 1894 366 1986 εί”,
409 1897 428 1969 6
462 1902 498 1968 δέ
520 1927 573 1968 τοι
603 1898 769 1986 βάρβαρος
790 1906 938 1980 Λατῖνος
959 1897 1025 1984 ἅμα
1045 1926 1082 1968 τε
1102 1898 1143 1968 τά
1162 1906 1240 1968 θεῖα
1260 1927 1317 1986 με·

218 2007 426 2086 ταχειριεῖται
448 2003 501 2068 καί
523 1998 582 2090 τὴν
603 1995 728 2068 άσπίδα
750 1998 808 2068 ἐπί
830 2004 889 2068 τοῦ
922 2003 1015 2068 λαιοῦ
1038 2002 1181 2084 θέμενος
1201 2003 1255 2068 καί
1276 1998 1315 2069 τά
1330 2013 1363 2066 tt

219 2098 300 2187 δόρυ
332 2106 372 2191 τῇ
402 2103 493 2191 δεξιᾷ
524 2099 811 2188 ἐναυκαλισάμενος
842 2098 928 2185 ὁμοῦ
959 2127 995 2168 τε
1023 2103 1222 2188 μεταδίδωσι
1256 2105 1317 2168 τοί

219 2203 318 2270 θείου
338 2197 493 2321 σώματάς
514 2227 550 2268 τε
572 2203 626 2268 καὶ
646 2203 785 2286 αἵματος
805 2203 859 2268 καί
878 2198 995 2324 66606
1019 2200 1082 2293 δρᾷ
1101 2204 1155 2269 καὶ
1170 2199 1318 2286 αἱμάτων

219 2295 301 2389 6666
324 2299 405 2368 κατά
434 2298 493 2368 τδν
513 2302 686 2370 Δαυιτικδν
710 2299 897 2386 ψαλμδν’
865 2327 993 2388 μινεται
1040 2299 1154 2426 οὕτως
1186 2303 1256 2370 ἐστὶ
1276 2300 1315 2370 rt

222 2400 388 2488 βάρβαρον
409 2407 507 2470 τοῦτο
529 2403 621 2489 γένος
654 2398 754 2492 οὐχ
736 2427 833 2470 νττον
856 2399 1029 2525 ἱερατικὸν
1038 2400 1058 2492 ί]
1052 2399 1318 2492 φιλοπόλεμον.

223 2489 320 2582 οὗτος
339 2503 448 2569 τοίνιν
470 2495 603 2590 δρέκτης
624 2499 790 2589 μᾶλλον
770 2530 789 2589 η
811 2499 918 2588 ίερεδς
946 2499 1029 2588 ὁμοῦ
1061 2528 1097 2569 τε
1118 2504 1172 2570 καὶ
1192 2501 1251 2591 τὴν
1273 2499 1320 2570 6e·
1328 2521 1364 2573 20

194 2601 355 2694 Ορατικῆν
375 2601 494 2692 στολὴν
515 2600 735 2672 ἐνεδιδύσκετο
758 2604 812 2671 καί
843 2601 904 2690 τήν
937 2600 1053 2724 κὀίνιρν
1083 2605 1318 2724 μετιρειρίζετυ

223 2708 278 2772 καὶ
299 2701 386 2789 σρδς
406 2703 556 2772 ναυτικδν
576 2701 725 2789 πόλεμον
746 2707 800 2772 καί
821 2700 925 2792 μάχην
946 2697 1075 2794 άφυίρα,
1096 2701 1177 2770 κατά
1198 2696 1321 2772 ταδτδν

223 2806 277 2872 καί
289 2803 446 2894 θαλάττῃ
470 2807 523 2872 καὶ
544 2799 681 2892 υίνδράσι
703 2802 895 2890 μαχόμενος.
930 2803 971 2872 τά
989 2802 1048 2892 γάρ
1071 2801 1222 2892 ἡμέτερα,
1236 2811 1318 2872 καθ-

322 2977 346 3029 9.
376 2980 587 3061 περιρρέομενος
609 2974 667 3042 Fe,
697 2970 938 3046 περιρεόμενοςΡ.
1065 2976 1106 3027 11.
1133 2967 1318 3058 ἐντετάλμεδα

322 3045 645 3192 ξξὲᾏὲἕτεὲαγμεθαᾘ
761 3049 800 3100 17.
820 3065 848 3102 τε
865 3047 960 3102 om.G
1086 3047 1129 3100 2³.
1149 3048 1268 3118 θαλάττῃ
1286 3045 1318 3112 F,

222 3254 371 3326 perforatis
398 3256 501 3326 sagitte
519 3257 578 3310 eius
595 3256 677 3310 leteri
696 3256 860 3310 inhaereret.
896 3255 970 3311 sorte
993 3255 1105 3325 quidem
1123 3254 1249 3310 seeerdos
1268 3253 1318 3308 Le·

196 3367 208 3386 ι
222 3329 298 3382 tinus
315 3333 376 3382 eret
394 3327 516 3382 decimos
535 3328 636 3382 tertius
653 3328 873 3382 commilitonum
902 3327 1019 3394 comitis,
1046 3327 1094 3395 qui
1112 3343 1127 3379 e
1145 3327 1234 3395 puppi
1252 3325 1318 3380 heee

222 3399 442 3453 enimedvertens
473 3400 566 3456 multis
586 3399 650 3454 telis
668 3399 823 3454 Morienum
842 3399 932 3468 petiit.
952 3415 1002 3452 nee
1018 3413 1085 3451 vero
1102 3397 1244 3451 Marianus
1262 3413 1318 3451 oes-

222 3472 302 3538 sevit,
320 3471 366 3525 sed
385 3471 490 3540 etipse
509 3471 620 3525 fortiter
638 3472 781 3556 pag-debet
799 3475 834 3524 st
845 3487 908 3524 suos
922 3470 957 3524 sd
971 3469 1158 3524 dimicandum
1170 3469 1318 3534 excitabat,

223 3511 311 3597 done6
347 3541 440 3595 Latini
471 3542 619 3597 sacerdotis
648 3544 716 3597 sooii
745 3542 883 3596 vulnerati
922 3541 1040 3610 fessique
1078 3542 1163 3595 tertio
1194 3509 1319 3594 mutendi

222 3617 311 3668 erent
333 3616 392 3683 ipse
411 3619 503 3668 temen
532 3615 658 3669 saeerdos
678 3615 803 3684 quemvis
821 3614 915 3666 multis
933 3613 1022 3682 plagis
1039 3613 1148 3667 saueius
1164 3629 1196 3666 ee
1220 3627 1319 3666 eruore

224 3686 339 3754 proprio
358 3686 540 3740 circumfusus
558 3686 701 3754 perstabat
719 3685 883 3754 intrepidus
931 3686 1111 3753 nequeenim
1130 3683 1225 3737 eedem
1246 3682 1318 3752 epod

222 3773 272 3810 nos
290 3754 460 3826 Latinosque
488 3757 555 3812 oleri
573 3757 711 3825 eondioio,
739 3773 801 3811 cnm
819 3773 869 3810 nos
887 3757 1038 3810 canonibus
1062 3760 1091 3809 et
1115 3753 1222 3824 legibus
1239 3771 1319 3814 even·

222 3828 328 3898 gelieoq
331 3845 364 3882 ue
383 3828 514 3898 dogmate
530 3829 708 3883 iubeamur“
710 3846 745 3882 ne
763 3829 890 3897 stringes,
903 3843 938 3881 ns
952 3826 1049 3892 hiseas,
1060 3825 1273 3894 reprehendes.
1292 3843 1320 3879 ee

223 3902 297 3954 enim
316 3900 468 3954 seoerdos’'.
504 3906 534 3954 et
551 3901 686 3953 barbarus
705 3899 829 3964 Latinus,
853 3901 919 3953 dum
938 3899 1077 3967 primitias
1096 3897 1223 3952 sacrificii
1241 3897 1321 3958 libet,

222 3970 340 4055 elipeum
369 3972 455 4038 laeva,
482 3972 582 4027 dextre
600 3971 720 4026 lanoeem
741 3971 826 4026 sumit
854 3977 882 4024 et
906 3971 970 4024 dum
1001 3969 1126 4023 divinum
1144 3985 1244 4039 eorpus
1263 3985 1322 4022 son-

222 4043 390 4126 guinemque
408 4043 600 4110 communicet,
625 4043 734 4097 eaedem
754 4047 859 4111 speotet
877 4048 968 4110 etque,
988 4047 1019 4094 ut
1037 4041 1126 4094 estin
1145 4040 1250 4125 psalmo
1270 4039 1321 4093 Do·

222 4113 322 4182 vidioo,
341 4116 390 4168 vir
402 4116 567 4184 sanguinum
587 4113 627 4167 fit.
675 4115 714 4168 sio
731 4114 881 4168 berberem
899 4113 929 4166 id
946 4129 1032 4182 genus
1051 4129 1106 4166 nen
1124 4113 1216 4166 minus
1234 4127 1321 4166 saeer-

222 4185 316 4239 detsle
335 4203 416 4255 quem
437 4187 501 4240 belli
522 4185 676 4239 studiosum
693 4190 749 4253 est3
776 4201 862 4254 quere
884 4184 928 4238 hio
947 4200 1001 4237 non
1016 4189 1073 4237 tem
1086 4183 1220 4250 eeoerdos,
1238 4199 1321 4252 quem

223 4256 342 4311 bellator
382 4257 479 4310 stolum
519 4256 715 4311 sacerdotalem
752 4257 846 4310 induit
880 4255 1016 4324 simulque
1056 4271 1132 4308 remo
1160 4271 1260 4324 prenso
1287 4254 1322 4308 ed

222 4329 319 4384 nevelo
338 4328 440 4383 bellum
459 4328 650 4399 proeliumque
668 4327 797 4396 intendit,
816 4331 943 4398 pugnans
961 4326 1057 4381 eodem
1077 4332 1203 4397 tempore
1220 4331 1249 4381 et
1260 4341 1323 4381 oum
