2760 4756
489 417 682 470 HAEXIADIS
704 417 772 468 LIB.
795 419 829 468 X.
854 410 881 468 3.
1191 408 1229 468 13

123 587 230 672 μέχρις
258 578 366 674 αύτῆς
392 582 561 671 θαλάττης
587 579 771 668 διώξαντες.
837 591 935 653 τοῦτο
965 583 984 654 ό
1019 580 1229 676 αὐτοκράτωρ

126 683 336 772 θεασάμενος
358 687 416 752 καὶ
438 682 524 770 πρός
543 689 685 754 τοσαῦτα
707 683 825 774 πλήθη
852 685 898 774 μὴ
927 685 1231 773 ε’ξαρκοόσαςῖέχων

125 785 277 873 δυνάμεις
298 783 383 878 μήτε
406 787 670 876 άντικαταστῆναι
695 783 871 872 δυνάμενος
900 789 1046 858 ἐκέλευσε
1074 795 1134 857 τοῦ
1162 794 1231 859 λοι-

124 893 192 954 ποῦ
215 883 460 974 συνησπικότας
480 883 626 966 ἅπαντας
652 888 812 955 ἵστασθαι
843 891 895 955 καὶ
920 891 1041 976 μηδένα
1070 893 1232 977 πραθέειν

100 994 184 1076 οτῆς
205 985 432 1075 παρατάξεως.
455 983 488 1055 οἱ
510 989 546 1056 δέ
568 984 719 1072 Κόμανοι
740 987 1004 1075 παραταξάμενοι
1026 993 1159 1062 ἵσταντο
1178 997 1231 1061 καὶ

125 1085 222 1158 αότοὶ
236 1086 472 1176 προμετωπιοι
491 1097 548 1179 τῆς
559 1085 738 1178 Ῥωμαϊκῆς
760 1089 933 1180 φάλαγγος,
947 1091 992 1181 μὴ
1006 1091 1231 1179 προσβάλλον·

125 1218 182 1272 τες
204 1194 241 1259 δέ
263 1188 354 1275 ὅμως
375 1190 458 1277 μηδὲ
478 1183 582 1257 αύτοί.
614 1195 711 1257 τοῦτο
736 1191 772 1259 δέ
794 1192 935 1260 ἐτελεῖτο
959 1194 1016 1261 ἐπὶ
1036 1197 1141 1280 τρισὶν
1155 1195 1231 1284 ἦμέ-

127 1319 202 1378 ραις
224 1293 260 1360 ἐκ
281 1292 412 1377 πρωΐας
431 1292 543 1376 μέχρις
564 1288 713 1379 ἑσπέρας,
734 1298 792 1381 τῆς
819 1319 856 1361 τε
884 1300 943 1363 τοῦ
972 1293 1079 1364 τόπου
1100 1297 1230 1378 θέσεως
1239 1303 1270 1357 V·
1291 1305 1342 1355 218

127 1388 349 1482 άπειργούσης
375 1390 514 1474 τούτους
550 1394 726 1475 ἐθέλοντας
756 1391 922 1479 μάχεσθαι
950 1399 1003 1463 καὶ
1029 1402 1089 1465 τοῦ
1109 1400 1259 1488 μηδέναο

86 1499 189 1584 Ιοτῆς
207 1491 387 1583 Ῥωμαϊκῆς
419 1491 583 1584 φάλαγγος
614 1495 842 1580 προεκτρύχειν
873 1499 941 1564 κατ’
974 1494 1091 1567 αύτιῦν.
1133 1499 1172 1568 τό
1195 1501 1231 1568 δέ

127 1593 272 1681 κάστρον
293 1592 311 1683 ἡ
333 1589 503 1682 Ἀγχίαλος
530 1591 681 1682 τοιαύτης
703 1593 795 1678 ἔτυχε
817 1597 955 1676 θέσεως.
1001 1597 1154 1682 δεξιόθεν
1175 1599 1234 1684 μέν

127 1693 189 1786 τὴν
211 1693 385 1782 Ποντηράν
406 1688 472 1778 εἶχε
495 1693 675 1778 θάλασσαν,
699 1696 736 1779 ἐξ
761 1689 937 1782 εύωνύμων
959 1700 996 1765 δέ
1016 1697 1134 1784 τραχύν
1162 1725 1234 1766 τινα

129 1793 241 1864 τόπον
262 1797 315 1863 καὶ
335 1792 496 1879 δύσβατον
517 1799 571 1864 καὶ
592 1793 789 1881 ύπάμπελον
810 1799 864 1865 καὶ
885 1805 957 1878 τοῖς
979 1795 1139 1878 ἱππόταις
1163 1789 1233 1866 εύσ-

128 1899 190 1965 δον
210 1895 269 1964 τόν
288 1893 413 1982 δρόμον
434 1893 480 1984 μὴ
502 1899 695 1981 παρέχοντα.
731 1899 764 1964 τί
784 1894 822 1965 τό
847 1899 903 1966 ἐπὶ
923 1895 1072 1980 τούτοις,·
1096 1897 1154 1988 τὴν
1174 1905 1233 1967 τοῦ

85 1999 293 2082 λδβασιλέως
316 1993 518 2082 θεασάμενοι
540 2000 710 2083 καρτερίαν
733 1995 764 2066 ολ
786 1995 947 2084 βάρβαροι
976 2003 1030 2068 καὶ
1058 1998 1099 2068 τά
1118 2007 1234 2085 βεβου-

128 2099 270 2184 λευμένα
292 2090 517 2185 άπηλπικότες
539 2099 592 2188 ἐφ’
616 2095 727 2184 ἑτέραν
746 2092 896 2184 άτραπόν
916 2093 977 2188 ’τήν
999 2099 1085 2188 πρός
1104 2097 1234 2188 Ἀδρια-

129 2197 292 2268 νούπολιν
313 2195 507 2283 ἐτράποντο,
529 2199 756 2283 ἐξαπατῶντας
782 2194 901 2281 αύτούς
921 2206 984 2269 τοῦ
1012 2200 1234 2286 ψευδωνύμου

130 2302 186 2368 καὶ
218 2301 368 2386 λέγοντος
396 2295 442 2380 ὥς
481 2296 641 2396 (λύπηνίκα
661 2325 702 2386 με
723 2298 785 2388 τήν
806 2295 1079 2388 Ἀδριανούπολιν
1098 2307 1233 2370 καταλα-

127 2397 235 2484 βόντα
263 2396 478 2485 όΒρυέννιος
498 2398 689 2490 Νικηφόρσς
710 2395 852 2484 άκούσει,
883 2395 1099 2490 άνοίξαςῖἷτάς
1129 2401 1267 2484 πόλαςΙ)

82 2497 217 2586 νομετά
241 2501 452 2587 περιχαρείας
466 2497 661 2586 ὑποδέξεται
682 2499 830 2591 χρήματά
851 2528 887 2570 τε
915 2505 1049 2588 παρέξει
1077 2506 1131 2571 καὶ
1156 2532 1236 2572 παν-

126 2604 225 2681 τοίας
246 2599 493 2693 φιλοφροσύνης
513 2599 671 2686 ἂξιιύσειε.
707 2600 766 2670 κάν
786 2602 844 2690 γάρ
864 2602 970 2691 arigis
990 2601 1132 2694 φύσεως,
1155 2597 1237 2672 άλλά

125 2727 162 2789 γε
193 2701 231 2768 ἐκ
253 2702 484 2785 προαιρέσεως
513 2700 571 2792 τὴν
601 2701 687 2788 πρός
712 2701 771 2772 τόν
799 2701 880 2788 ἐμόν
907 2705 1034 2788 πατέρα
1058 2695 1236 2793 άδελφικέν

233 2833 258 2882 1.
286 2823 421 2895 θαλάττης
448 2830 481 2894 F,
517 2825 661 2897 θαλάσσης
688 2817 720 2885 P.
903 2835 926 2886 3.
957 2827 1182 2916 άντικαταστησαι
1202 2831 1234 2888 G·

232 2902 259 2954 6.
278 2897 474 2971 προμετυόπιον
493 2900 547 2956 OG.
726 2904 751 2956 9.
769 2897 888 2973 τούτους]
910 2898 971 2964 τούς
989 2923 1018 2958 τε
1037 2901 1069 2974 G,
1088 2923 1149 2963 τους
1165 2903 1188 2957 τ’
1207 2904 1235 2958 C-

235 2975 277 3028 14.
295 2973 343 3026 τοῦ
362 2971 415 3040 OG,
441 2974 487 3038 τῆς
514 2973 543 3028 Ρ.
672 2977 711 3028 15.
731 2970 900 3048 θεασάμενοι
920 2975 999 3045 Fen,
1019 2971 1196 3048 θεασόμενον
1206 2976 1236 3029 Ρ.

235 3043 277 3096 18.
317 3039 503 3112 καταλαβόντα
543 3041 558 3098 ὁ
597 3051 624 3098 Β
642 3049 728 3110 υένισς
759 3043 921 3118 Νικηφόρσς
944 3048 988 3132 'F‚
1034 3045 1049 3100 ὁ
1076 3043 1238 3132 Νικηφόρας

233 3118 382 3184 Βρυέννιος
410 3111 598 3183 καταλαβόντα
624 3064 655 3170 λ),
817 3120 859 3173 19.
884 3115 995 3173 άκσυσει
1016 3119 1048 3188 F,
1076 3115 1178 3193 άκουση
1205 3120 1236 3174 Ρ.

233 3189 277 3240 20.
297 3193 470 3263 περιχαρείας
487 3187 565 3258 Fco,
585 3194 745 3259 περιχαρίας
762 3189 791 3244 P.
913 3194 956 3245 21.
975 3185 1083 3252 ἀξιώσει
1099 3192 1160 3263 μελ

126 3336 208 3385 sunt.
263 3330 293 3384 id
325 3333 468 3403 Augustos
499 3333 680 3402 conspicatus,
712 3349 774 3388 cum
808 3331 938 3387 adversus
971 3337 1078 3387 tantam
1109 3331 1235 3386 multitu·

127 3403 227 3457 dinem
255 3419 354 3470 parum
384 3407 525 3474 copiarum
553 3404 670 3459 haberet
696 3422 747 3459 nec
775 3406 904 3459 resistere
932 3409 1032 3474 posset,
1056 3405 1111 3458 iam
1141 3419 1235 3456 omnes

127 3476 159 3528 iu
204 3474 264 3528 acie
299 3476 448 3530 consistere
493 3493 543 3531 nec
586 3493 752 3546 quemquam
797 3477 872 3530 ultra
917 3477 1027 3530 ordines
1070 3489 1234 3545 procurrere

128 3546 223 3600 iussit.
262 3544 373 3601 Comani
395 3565 469 3614 vero,
489 3548 537 3617 qni
556 3549 615 3601 acic
627 3549 764 3602 instructu
782 3565 816 3601 ex
829 3547 943 3602 adverso
962 3547 1081 3602 Romani
1099 3545 1236 3600 exercitus

128 3617 255 3684 stabant,
273 3633 308 3672 nc
329 3619 383 3688 ipsi
401 3618 513 3689 quidem
535 3623 600 3674 sunt
618 3621 749 3690 aggressi.
796 3627 878 3690 atqua
907 3621 946 3673 sic
972 3637 1022 3689 per
1049 3623 1105 3672 tros
1134 3617 1193 3670 dias
1220 3631 1237 3669 a

129 3705 213 3742 mune
232 3705 319 3758 usqua
337 3690 372 3744 αδ
390 3706 531 3761 vesperam
550 3697 720 3758 manserunt,
740 3707 802 3745 oum
827 3697 856 3744 et
878 3691 991 3745 barbari
1014 3691 1068 3744 loci
1092 3693 1192 3742 natura
1220 3703 1237 3739 a

128 3759 241 3830 proelio
262 3761 484 3816 absterrerentur
502 3767 530 3816 et
547 3779 627 3816 nemo
647 3779 661 3816 a
680 3763 804 3816 Romana
816 3761 954 3833 phalange
971 3761 1101 3816 advorsus
1114 3776 1159 3813 eos
1172 3775 1235 3827 pro·

130 3835 269 3886 curreret.
303 3849 352 3886 arx
371 3839 464 3887 autom
483 3833 612 3888 Anchiali
638 3833 773 3888 eiusmodi
792 3835 846 3888 sita
865 3839 919 3888 est:
942 3833 1028 3887 habet
1045 3831 1143 3886 dextra
1161 3846 1236 3882 maro

129 3903 289 3970 Ponticum,
300 3905 412 3959 sinistra
423 3906 510 3959 solum
520 3923 646 3974 asperum
658 3911 687 3960 at
697 3907 802 3960 invium
813 3907 959 3960 sonitibus
969 3905 1106 3959 consitum
1119 3902 1236 3970 ideoque

131 3975 226 4028 miuus
237 3976 396 4045 equitabile.
416 3977 484 4046 quid
494 3977 574 4031 turni
592 3979 747 4032 constantia
764 3979 801 4031 im
823 3979 940 4032 aratoris
955 3979 1099 4046 perspecta
1110 3974 1237 4043 despera·

129 4051 218 4116 toque
238 4063 371 4113 successu,
398 4049 511 4102 barbari
529 4053 637 4103 mutato
658 4049 759 4103 itincre
776 3995 978 4119 Agrianopolin
1001 4051 1102 4117 petunt
1128 4045 1238 4114 decepti

129 4117 366 4188 apacndonymo‚
392 4121 440 4189 qui
459 4120 594 4176 iactabat:
619 4120 660 4174 “si
679 4121 882 4190 Adrianopolin
905 4138 949 4174 mc
974 4119 1117 4173 advenisse
1135 4117 1237 4187 Bryen·

129 4193 195 4244 nius
213 4188 387 4259 Nicephorua
405 4191 551 4258 audiverit,
572 4193 677 4260 apertis
692 4194 784 4262 ,portis
804 4209 846 4245 me
869 4209 974 4246 summa
992 4191 1100 4245 laetitia
1118 4190 1238 4257 excipiat

128 4279 161 4316 ac
180 4262 309 4330 pecuniis
325 4262 470 4317 adiuvabit
497 4263 627 4332 omnique
655 4264 862 4318 benevolentiae
889 4279 989 4334 genere
1017 4263 1142 4332 augebit3
1172 4260 1238 4340 iicet

129 4334 207 4388 anim
227 4349 285 4388 non
304 4349 412 4405 gauere,
424 4334 568 4390 voluntate
586 4339 679 4390 tamen
697 4339 851 4405 compatre
869 4351 930 4389 mco
949 4333 1101 4388 fraternam
1122 4347 1237 4387 necessr-
