2716 4770
211 405 250 469 92
583 419 705 472 annae
727 418 923 472 concanae

210 581 405 666 uninegeri
426 582 544 654 στόλον
567 581 677 653 ἱκανόν
703 589 902 668 καταλιπεῖν,
936 579 1007 656 είτα
1035 590 1076 656 δι’
1109 581 1218 657 αότιῐίν
1245 591 1305 670 τάς

99 699 129 753 Ρ.
149 700 201 753 822
209 692 275 755 τῶν
295 684 470 773 βαρβάρων
491 681 702 774 ἀναχαιτίζειν
723 686 826 775 ὁρμάς
850 691 905 757 καί
928 682 1227 760 ἀντικαθίστασθαι
1247 686 1304 760 αύ-

97 771 130 826 V·
149 773 201 826 ²⁵⁵
210 795 282 870 τοῖς
312 778 390 884 κᾷθ’
414 786 519 870 οίτως
537 787 620 876 μετά
641 801 701 859 τοῦ
721 793 841 860 λοιποῦ
862 788 1108 877 στρατεύματος
1132 803 1191 882 τῆς
1220 791 1305 879 πρός

211 883 410 974 Ἀντιόχειαν
442 887 606 980 φερούσης
633 889 788 978 ἅψασθαι
818 889 900 978 μετά
926 897 993 958 τῶν
1022 885 1203 978 άναμεταξό
1225 900 1331 980 βαρ-ι

209 988 321 1078 βάρων
341 987 387 1072 ὦς
401 991 473 1060 ἐνόν
486 989 678 1077 μαχόμενος.
713 991 1017 1080 μεταπεμψάμενος
1036 996 1146 1062 τοίνυν
1159 991 1328 1083 Ἰωάννηνί

210 1089 268 1158 τόν
289 1088 418 1160 Δούκαν
447 1095 500 1160 καί
528 1089 783 1183 γοναικάόεληιον
804 1087 905 1160 αότοῦ
927 1093 1133 1179 παραδίδωσι
1153 1093 1306 1178 δυνάμεις

210 1193 245 1260 ἒκ
266 1189 436 1280 διαφόρων
459 1195 701 1280 συνειλεγμένας
725 1199 841 1280 χωρῶν
871 1196 926 1263 καί
960 1193 1078 1264 στόλον
1109 1187 1305 1282 ἀποχρῶντα

210 1290 296 1379 πρός
311 1290 371 1380 τήν
391 1298 457 1360 τῶν
486 1296 655 1377 παραλίων
682 1291 814 1362 πόλεων
842 1297 1035 1379 πολιορκίαν
1063 1297 1117 1364 καί
1141 1290 1245 1384 αότήν
1270 1297 1305 1366 δὲ

209 1392 267 1485 τήν
296 1399 359 1462 τοῦ
383 1397 490 1479 euax&
523 1397 687 1482 θυγατέρα
718 1402 977 1479 κατασχεθεῖσαν
995 1397 1078 1482 μετὰ
1102 1401 1169 1464 τῶν
1187 1389 1303 1478 ἀλλων,

212 1493 333 1566 ὁπόσοι
354 1493 445 1576 ἐντός
463 1500 522 1586 τῆς
543 1498 679 1576 Νικαίας
699 1492 776 1564 τότε
799 1495 922 1581 ἔτυχον,
948 1496 1135 1587 ἐπισκήψας
1157 1501 1306 1586 διακηρυ-
1316 1504 1346 1556 10

211 1593 316 1664 νεύειν
336 1598 395 1682 μὲν
417 1600 582 1680 πανταχοῦ
603 1594 664 1684 τήν
684 1601 744 1682 τῆς
765 1599 902 1677 Νικαίας
922 1595 1052 1678 ἅλωσιν,
1074 1597 1103 1669 εί
1125 1599 1162 1666 δὲ
1173 1596 1218 1689 μή
1230 1621 1305 1666 πισ-

179 1697 354 1778 Βτεύοιτο,
379 1690 482 1784 αι’τήν
510 1695 569 1784 τήν
588 1708 648 1766 τοῦ
674 1701 780 1783 Ἰζαχᾶ
803 1701 966 1786 θυγατέρα
988 1696 1217 1767 ὑποδεικνύναι
1235 1705 1306 1780 τοῖς

211 1797 395 1883 σατράπαις
411 1803 479 1866 τῶν
506 1795 660 1883 Τοάρκων
685 1802 738 1867 καί
759 1807 831 1880 τοῖς
850 1798 891 1866 τά
917 1801 995 1886 περὶ
1016 1797 1184 1868 θάλατταν
1210 1825 1306 1886 νεμο-

210 1901 321 1986 μένοις
341 1896 527 1986 βαρβάροις,
556 1898 600 1980 ὠς
624 1896 663 1966 dv
685 1896 716 1968 σί
737 1899 796 1981 τάς
819 1893 878 1991 ήόη
900 1902 1058 1988 ῥηθείσας
1080 1896 1195 1982 πόλεις
1215 1901 1305 1970 κατέ·

211 2025 323 2084 χοντες
359 1995 500 2084 ὁρῶντες
525 1996 644 2088 ταύτην
673 2002 725 2068 καί
753 1997 982 2086 βεβαιούμενοι
1009 1997 1068 2087 τήν
1088 2005 1146 2090 τής
1170 2002 1307 2081 Νικαίας
1316 2007 1348 2063 lt

113 2109 121 2124 '
211 2099 334 2168 άλωσιν
365 2096 563 2188 ἀπογνόντες
583 2095 722 2189 ἀμαχητὶ
743 2104 923 2186 παραδοῖεν
942 2098 1001 2181 τάς
1021 2100 1143 2182 πόλεις.
1174 2100 1305 2191 ἐφοδιά-

212 2225 271 2281 σας
314 2189 375 2269 οὖν
416 2197 533 2282 ἱκανῶς
568 2200 622 2270 ded
653 2203 820 2269 παντοίων
860 2199 919 2269 τόν
949 2197 1096 2290 Ἰωάννην
1129 2200 1307 2283 ἐκπέμπει,

212 2298 321 2370 ὁπόσα
341 2303 377 2370 δὲ
398 2300 479 2369 κατὰ
495 2307 554 2370 τοῦ
568 2305 674 2386 Τζαχά
692 2300 835 2388 τρόπαια
855 2291 951 2384 οὗτος
967 2301 1126 2390 ἐστήσατο
1142 2304 1196 2370 καί
1212 2299 1307 2383 ὅπως

210 2408 328 2471 τοῦτον
349 2404 480 2471 ἐκεῖθεν
500 2401 660 2493 ἀπήλασε,
685 2403 813 2490 προϊών
835 2401 852 2472 ὁ
875 2401 970 2491 λόγος
991 2401 1174 2492 δηλώσειεν.
1207 2401 1225 2469 ό
1246 2403 1307 2487 μὲν

212 2491 269 2570 ούν
301 2500 385 2588 ὀούξ
403 2506 456 2572 καί
477 2512 575 2586 θεῖος
597 2503 697 2590 οὑμός
718 2502 805 2590 πρός
830 2503 953 2592 μητρός
973 2514 1019 2595 τῷ
1043 2505 1171 2588 βασιλεῖ
1193 2517 1352 2572 σαντα-20

212 2602 347 2693 ξάμενος
361 2612 419 2697 τῆς
435 2603 687 2693 μεγαλοπόλεως
706 2605 803 2689 ἔξεισι
819 2608 872 2673 καί
883 2596 1307 2696 διαπεράσαςτήνἮβυόον

182 2707 203 2763 ⁰
210 2705 511 2795 μεταπεμψάμενος
531 2707 590 2774 τόν
610 2704 809 2791 καλούμενον
832 2703 996 2774 Κάσπακα
1016 2702 1074 2794 τήν
1093 2729 1131 2772 τε
1151 2709 1210 2772 τοῦ
1230 2703 1304 2774 στό-

210 2814 269 2880 λου
291 2811 438 2895 ἐξουσίαν
457 2810 512 2877 καί
537 2807 598 2895 τήν
626 2818 686 2875 τοῦ
719 2803 825 2887 πλοός
846 2805 978 2874 άπασαν
1002 2804 1191 2890 οἰκονομίαν
1216 2799 1305 2896 αύτῷ

310 3010 335 3065 8.
355 3006 407 3074 όὴλ
492 3009 532 3060 11.
552 2999 705 3059 πιστεύοιτο
716 3001 769 3068 FC,
790 2993 959 3084 πιστεύοιητο
968 3000 997 3056 Ρ.
1087 3003 1129 3055 20.
1152 2997 1303 3074 ούμὸςΕὋ,

309 3080 324 3136 ὀ
344 3077 412 3153 ἐμὸς
423 3079 452 3134 Ρ.
560 3079 602 3131 21.
622 3069 849 3147 μεγαλουπόλεως
870 3073 899 3146 P,
916 3073 1031 3128 correxi.

210 3255 335 3325 marique
353 3252 492 3324 praesidia
501 3239 646 3323 disponere
658 3253 812 3320 constitnit,
831 3250 932 3322 quibus
941 3249 1124 3305 barbarorum
1136 3248 1307 3316 incursiones

210 3326 357 3396 repelleret
382 3342 481 3394 eosque
504 3326 657 3380 lacesseret.
694 3329 756 3379 tum
774 3339 837 3378 cum
860 3323 968 3392 reliquo
986 3321 1107 3375 exercitu
1128 3319 1306 3373 Antiochiam

210 3415 304 3452 versus
325 3397 463 3466 proficisci
481 3401 510 3450 et
540 3401 636 3450 eontra
660 3397 793 3450 barbaros
817 3397 846 3448 in
869 3396 914 3448 via
936 3392 1027 3462 quoad
1050 3393 1103 3446 iam
1128 3389 1189 3444 fleri
1214 3396 1308 3459 posset

210 3471 343 3526 dimicare
355 3469 451 3524 voluit.
471 3469 649 3538 quamobrem
662 3468 794 3522 arcessito
803 3465 900 3520 Ioanni
912 3465 1012 3528 Ducae,
1031 3464 1126 3516 uxoria
1138 3479 1202 3515 suae
1216 3461 1307 3528 fratri,

211 3542 299 3596 tradit
319 3545 348 3594 et
366 3540 494 3595 collectas
518 3557 532 3592 e
557 3539 672 3593 diversis
694 3538 855 3608 regionibus
880 3537 971 3606 copies
990 3539 1018 3589 et
1034 3535 1146 3588 classem
1171 3533 1207 3586 ad
1230 3533 1307 3587 litto·

212 3614 283 3668 ralea
302 3612 384 3666 urbes
407 3610 606 3681 oppugnandos
628 3610 760 3678 validcm;
789 3615 931 3678 praeterea
958 3609 1043 3661 etiam
1061 3605 1185 3660 Tzaohae
1211 3603 1308 3673 filiam,

212 3702 274 3740 cnm
296 3684 357 3738 aliis
374 3699 463 3752 nuper
481 3683 597 3737 Nicaeae
614 3689 733 3752 captam,
754 3682 796 3735 nti
816 3681 933 3734 Nicaeae
952 3677 1185 3748 expugnationem
1204 3676 1308 3745 ubique

213 3756 377 3827 divulgaret,
397 3771 435 3820 ac,
454 3755 508 3808 nisi
520 3755 671 3822 crederent,
683 3753 836 3808 Turcarum
849 3755 967 3820 satrapis
978 3751 1157 3817 barbarisque
1176 3749 1204 3800 in
1223 3750 1308 3802 maris

212 3829 309 3883 littore
323 3827 488 3896 degentibus
503 3843 561 3880 eam
581 3829 760 3879 monstraret.
785 3841 817 3877 ea
830 3825 902 3877 enim
916 3825 1062 3891 conspecta
1074 3820 1195 3889 speravit
1204 3818 1309 3873 Turoas

212 3901 247 3954 de
260 3899 377 3954 Nicaeae
396 3898 537 3952 deditione
552 3897 605 3951 sibi
621 3913 798 3966 persnasnros
817 3900 845 3949 et
862 3895 1045 3964 desperantes,
1059 3908 1127 3960 quas
1144 3891 1310 3944 obtinebant

213 3973 304 4039 nrbes,
314 3971 371 4025 aine
382 3987 475 4039 pugna
487 3969 639 4022 tradituros
653 3984 718 4022 esse.
742 3970 783 4022 ita
795 3968 864 4020 bene
875 3967 988 4020 omnino
1000 3965 1166 4016 instructum
1177 3961 1309 4034 ioannem

213 4043 346 4098 dimittit:
367 4043 414 4111 qui
433 4059 500 4110 quas
517 4039 551 4093 de
562 4039 666 4094 Tzacha
679 4041 809 4093 victorias
826 4039 977 4106 reportarit
989 4041 1075 4103 utque
1093 4051 1154 4087 eum
1174 4032 1253 4087 illinc
1263 4049 1308 4086 ex·

214 4115 326 4184 pulerit,
337 4114 391 4166 iam
400 4113 453 4167 hoo
463 4113 523 4167 ioco
536 4112 694 4165 memorabo
721 4115 803 4180 atque
815 4111 839 4163 is
851 4107 962 4178 quidem
975 4106 1041 4172 dux,
1059 4103 1208 4159 avunculus
1222 4121 1307 4172 meus,

213 4189 385 4253 imperatore
402 4183 521 4238 salutato
538 4201 552 4236 e
567 4199 668 4253 magna
679 4183 746 4236 urbe
764 4181 904 4251 proiectus
922 4197 986 4234 cum
1005 4177 1132 4246 Abydum
1146 4175 1307 4243 traiecisset,

215 4257 336 4327 Caspaei,
358 4257 406 4327 qui
421 4257 579 4320 vocabatur,
608 4255 702 4309 elassis
729 4253 931 4323 praefecturam
956 4268 987 4305 ac
1012 4253 1100 4303 totam
1119 4248 1306 4317 expeditionis

214 4330 371 4384 maritimae
389 4345 484 4384 euram
510 4326 653 4382 mandavit
678 4328 767 4396 eique,
792 4327 816 4379 si
838 4330 949 4378 strenue
973 4324 1130 4393 pugnasset,
1153 4319 1204 4374 ubi
1227 4323 1309 4390 capta
