2716 4770
412 417 606 470 lumime
627 419 697 469 LIB.
719 419 769 469 XI.
791 411 819 469 3.
1121 407 1161 468 85

83 587 231 672 δι’τάχος·
255 583 442 658 κάντεῦθεν
464 589 650 658 συνέσταται
670 585 817 675 πόλεμος
838 589 939 675 βαρύς
962 592 1016 658 καὶ
1042 587 1157 671 δεινός.

82 692 120 756 καὶ
136 688 195 778 τήν
216 695 366 758 νικῶσαν
381 683 448 774 εἶχε
463 687 502 756 τό
522 688 700 775 Ῥωμαϊκόν
721 693 774 758 καὶ
787 688 945 759 Κελτικόν
967 688 1161 778 στράτευμα.
1169 696 1199 751 Ρ.
1219 698 1272 751 318

83 793 300 876 πορευομένων
315 793 344 860 δ’
359 793 489 859 ἐκεῖθεν
501 787 615 859 ἷλαδδν
629 795 696 859 τῶν
709 789 888 878 ταγμάτων,
906 794 1078 876 συνέλαχον
1088 792 1162 860 τού-

83 916 134 971 τοις
149 895 231 959 κατὰ
248 890 310 981 τὴν
323 889 492 983 Ἑβραϊκῆν
510 889 531 959 δ’
545 917 582 959 τε
592 891 751 960 Τανισκάν
765 891 932 962 όσουλτάν
946 896 999 960 καὶ
1018 886 1159 976 δ’Λσάν,

69 985 109 1072 lig
127 993 225 1078 μόνος
245 981 327 1080 ἦρχε
350 989 501 1076 χιλιάδων
515 987 640 1079 ἀνδρῶν
662 989 806 1076 ὁπλιτῶν
822 987 1027 1082 όγδοὴκοντα.
1060 991 1163 1082 μάχης

87 1081 128 1160 ούν
146 1098 307 1180 καρτερᾶς
326 1094 496 1180 γενομένης
520 1093 554 1160 ἐκ
568 1094 701 1161 πολλῶν
721 1098 838 1178 χειρῶν
858 1095 913 1161 καὶ
927 1091 1096 1180 δυνάμεων
1108 1095 1163 1162 καὶ

87 1196 150 1278 μηδὲ
162 1197 310 1280 θατέρου
332 1196 452 1280 μέρους
471 1191 513 1261 τά
527 1199 614 1261 νῶτα
622 1193 759 1283 ’θατέρῳ
773 1191 929 1275 διδόντος,
948 1195 1022 1262 ἐπεὶ
1036 1203 1162 1282 θαρρα·
1262 1197 1264 1204 '

89 1292 228 1381 λειότερον
250 1292 283 1362 oi
308 1300 448 1379 Τοῦρκοι
473 1301 544 1376 τοῖς
568 1296 723 1375 ἐναντίοις
748 1293 914 1381 ἐμάχοντο,
944 1301 1046 1363 τοῦτο
1076 1303 1159 1364 θεα-

91 1391 208 1478 σόμενος
230 1393 248 1464 ό
271 1401 476 1481 Βσΐμοῦντος
495 1401 558 1464 τοῦ
578 1399 691 1480 δεξιοῦ
711 1398 815 1481 κέρως
837 1393 990 1481 ἐξάρχων,
1013 1407 1073 1464 τοῦ
1093 1399 1161 1465 λοι·

66 1501 145 1562 ἱστοῦ
164 1495 403 1582 στρατεύματος
423 1499 602 1582 διαιρεδελς
622 1492 692 1564 κατ’
713 1493 814 1564 αύτού
835 1502 895 1565 τοῦ
919 1495 1161 1582 Κλιτζιασδλάν
1171 1501 1202 1556 V·
1218 1503 1271 1556 2⁶2

97 1597 212 1666 σουλτάν
224 1597 348 1683 ἰταμῶς
363 1599 527 1686 ἐξώρμησε
543 1599 626 1664 λέων
647 1589 692 1677 ὣς
712 1591 787 1665 elixi
806 1597 986 1676 πεποιθώς
1004 1595 1085 1663 κατά
1103 1595 1161 1665 τόν

99 1697 218 1786 παιγνίην.
257 1711 356 1766 τοῦτο
376 1697 456 1781 τούς
473 1697 639 1783 Τούρκους
660 1700 900 1783 έκδειματῶσαν
920 1697 961 1780 τά
983 1702 1069 1764 νῶτα
1089 1703 1191 1778 τοῖςΒ

102 1800 212 1880 Κελτοῖς
232 1802 346 1868 δοῦναι
358 1803 519 1888 ἐποίησεν.
556 1797 586 1867 ολ
609 1801 645 1869 δὲ
667 1793 724 1867 οόκ
740 1801 796 1868 ἐπὶ
811 1797 896 1866 πολύ
915 1796 1051 1879 τούτους
1066 1799 1160 1866 ἐδίω-

102 1922 145 1963 κον
158 1905 213 1968 τῶν
234 1907 293 1970 τοῦ
308 1895 547 1988 αὐτοκράτορος
565 1902 760 1988 μεμνημένοι
774 1896 1058 1988 παραγγελμάτων,
1081 1896 1162 1968 ἀλλὰ

72 1994 147 2084 liwir
170 2004 319 2092 ταφρείαν
347 2007 412 2068 τῶν
444 1999 598 2087 Τούρκων
625 2000 860 2086 καταλαβόντες
888 1994 1018 2070 κάκεῖσε
1046 1998 1162 2086 μικρόν

105 2093 209 2183 ἑαυτούς
222 2100 497 2183 διαναπαύσαντες
514 2101 591 2183 τούς
609 2100 774 2189 Τούρκους
794 2100 875 2169 κατά
895 2100 954 2193 τὴν
967 2099 1164 2189 Ἀγρουστό·

106 2201 180 2266 πολιν
204 2192 297 2283 αὖθις
331 2199 610 2288 καταλαμβάνουσι
642 2205 696 2270 καὶ
730 2201 972 2288 προσβαλόντες
1005 2205 1165 2288 τρέπουσι

106 2296 165 2362 κατά
181 2301 301 2388 κράτος.
336 2296 515 2371 κάντεῦθεν
535 2304 653 2372 πίπτει
675 2302 712 2370 τό
733 2301 907 2389 βάρβαρον,
932 2299 962 2372 ολ
985 2304 1022 2370 δέ
1044 2329 1078 2390 γε
1099 2327 1165 2371 σω-

106 2397 193 2482 θέντος
209 2396 305 2484 άλλος
327 2396 469 2494 [iiiluna]
491 2399 611 2494 ἀλλαχῆ
631 2402 852 2492 διεσπάρησαν
873 2402 933 2484 τάς
955 2429 991 2471 τε
1015 2409 1165 2490 γυναῖκας

70 2496 146 2560 δθκαὶ
162 2501 225 2584 τοδς
246 2506 370 2582 παῖδας
391 2501 633 2585 καταλιπόντες,
652 2502 711 2590 ιιύς
730 2509 789 2571 τοῦ
814 2507 933 2572 λοιποῦ
960 2505 1033 2591 μηδ’
1061 2495 1163 2570 άντω-

104 2597 183 2678 aleus
200 2611 267 2684 τοῖς
281 2605 442 2683 Λατίνοις
455 2602 627 2687 ἰσχύοντες,
651 2598 735 2673 άλλά
749 2609 835 2694 φυγῇ
855 2602 913 2694 τὴν
928 2602 1050 2672 οἰκείαν
1061 2629 1164 2690 πραγ-

104 2700 288 2789 ματευόμενοι
310 2707 481 2792 σωτηρίαν.

178 2809 197 2862 i.
214 2808 270 2879 εἶχε
288 2807 319 2862 τὸ
330 2809 362 2874 Α,
379 2813 467 2880 εἴχετο
477 2808 507 2863 Ρ.
552 2809 579 2865 4.
595 2806 738 2878 Ἑβραϊνὴν
746 2808 775 2878 C,
791 2804 942 2878 Ἑβραϊκοὺς
951 2807 980 2862 P.
1019 2806 1165 2880 Τανισμάν

178 2877 321 2934 wilhemus.
446 2883 471 2934 6.
490 2881 618 2950 καρτερᾶς
634 2900 660 2949 γ.
672 2881 704 2946 F,
724 2881 853 2950 κρατερᾶς
870 2880 937 2949 γ.Δ,
955 2897 980 2948 γ.
996 2881 1125 2948 καρτερᾶς
1132 2879 1162 2935 P.

177 2953 270 3021 χειρῶν
281 2951 314 3018 F,
329 2952 422 3038 γερῶν
433 2950 462 3004 P.
560 2948 722 3011 7ένδόντος
740 2951 767 3007 O.
859 2954 900 3006 10.
920 2948 1120 3013 materiarius
1130 2952 1162 3016 F,

177 3025 356 3086 ιλισζασδλαν
373 3024 407 3084 A,
428 3020 620 3092 Κλιῐζιαστράν
637 3020 668 3077 P.
799 3023 839 3077 12.
859 3022 1066 3093 {adaperiuntur
1082 3021 1163 3092 FAC,

177 3088 373 3164 έκδειμάτωσεν
383 3093 413 3147 Ρ.
460 3095 500 3146 16.
519 3090 920 3164 Λόγονστόπολινῦατααςίατ.
967 3096 1008 3148 17.
1027 3096 1163 3166 καταλαμ-

177 3160 284 3229 βάνουσι
294 3165 352 3233 FA,
370 3158 660 3232 καταλαμβάνουσινΡ.
750 3167 791 3220 19.
810 3159 890 3224 ἄλλος
906 3162 1025 3237 ἀλλαχοῦ
1035 3166 1068 3236 Α,
1085 3160 1164 3226 ἄλλος

177 3230 268 3291 ἄλλοσε
288 3233 393 3308 ἀλλαχῆ
411 3235 440 3303 Ρ,
459 3233 558 3290 ἄλλοσε
574 3233 678 3307 ἀλλαχῆ
698 3237 736 3290 F:
756 3231 854 3290 ἄλλοσε
874 3237 978 3291 seclusi.

103 3309 180 3390 'plaut
211 3325 344 3395 gravique
368 3326 511 3392 commisse
533 3324 639 3395 proelio
662 3323 851 3379 Romanorum
872 3323 1067 3394 Gallorumque
1089 3341 1163 3378 exer·

102 3385 155 3442 ortus
175 3394 312 3451 victoriam
341 3397 502 3466 reportavit.
550 3397 597 3450 sed
621 3398 766 3450 turmatim
804 3395 982 3466 procedentes
1008 3395 1099 3450 Gallos
1127 3395 1162 3450 ad

102 3449 234 3543 thfaieam
254 3467 398 3522 offendunt
416 3467 550 3522 Tauireau
569 3467 692 3521 sullanus
711 3473 739 3522 et
759 3468 841 3536 Aser,
865 3469 913 3538 qui
931 3466 1003 3521 solus
1021 3467 1163 3536 octoginta

103 3525 167 3587 mrlha
176 3545 341 3594 armatorum
359 3539 505 3606 ductabat3
524 3539 683 3608 proelioque
704 3541 760 3594 aeri
777 3541 806 3592 in
820 3539 1030 3594 tantomilitum
1048 3555 1162 3593 numero

103 3591 156 3655 laeto
171 3623 196 3663 aa
212 3615 311 3664 neutro
331 3611 453 3664 exercitu
465 3615 544 3680 terga
556 3615 681 3665 vertente
699 3610 880 3678 Boimundus,
901 3611 948 3680 qui
961 3610 1059 3664 dextro
1077 3626 1163 3662 cornu

104 3681 208 3748 praeerat,
233 3700 296 3738 oum
323 3681 423 3736 lortius
442 3681 543 3736 Turoas
564 3693 669 3736 certare
687 3682 802 3750 rideret,
826 3700 842 3735 a
859 3681 964 3752 reliquo
983 3681 1105 3734 exercitu
1124 3697 1163 3735 se·

103 3751 185 3803 mutius
201 3755 229 3806 in
249 3756 340 3824 ipsam
361 3751 498 3806 sultanum
511 3752 701 3807 Clitziasthlau
720 3759 861 3822 tamquam
879 3752 921 3807 leo
946 3753 1045 3806 robore
1066 3751 1162 3814 fretur,

104 3813 253 3899 uteuapud
272 3829 390 3894 poetam,
418 3823 547 3879 ferociter
573 3825 720 3878 invehitur.
757 3825 809 3879 hae
835 3842 865 3878 re
888 3823 994 3878 Turoae
1020 3824 1164 3892 perterriti

104 3877 166 3941 lalhs
182 3893 244 3950 dant
261 3902 354 3966 terga3
375 3895 422 3966 qui
434 3901 524 3951 tamen
537 3913 669 3950 memores
690 3896 882 3950 mandatorum
896 3894 1071 3964 imperatoris
1088 3893 1163 3948 haud

104 3947 163 4026 longe
186 3983 227 4021 eos
251 3969 445 4038 sequebantur,
463 3985 557 4021 verum
582 3969 679 4021 eastris
707 3968 877 4038 expugnatis,
906 3965 955 4020 ubi
978 3965 1117 4034 paulisper
1134 3983 1162 4019 se

104 4023 235 4105 rerecerunt,
257 4038 360 4092 Turoas
385 4056 481 4092 rursus
510 4039 546 4092 ad
572 4040 770 4109 Agrustopoliu
799 4037 943 4091 offendunt
969 4036 1162 4106 congressique

105 4108 182 4176 ⁸er
198 4111 223 4162 ri
246 4109 353 4180 sugant.
397 4110 435 4164 ibi
459 4109 610 4164 'l'urcarum
628 4111 699 4163 vires
721 4110 877 4164 ceciderunt
898 4113 980 4178 atque
1001 4108 1161 4177 superstites

105 4163 157 4224 slus
170 4178 216 4234 alio
242 4185 413 4252 sparguntur
438 4181 543 4235 relictis
570 4183 702 4236 uxoribus
728 4183 885 4251 liberisque,
912 4182 952 4234 ita
979 4183 1011 4233 ut
1039 4179 1069 4232 in
1096 4179 1161 4233 lua

105 4235 190 4366 :illigare
214 4269 288 4381 οηιεαι
314 4255 398 4308 sitam
416 4267 473 4308 esse
490 4253 694 4310 arbitrarentur
714 4271 764 4310 nee
791 4253 826 4306 ab
854 4269 885 4306 eo
913 4251 957 4306 die
977 4251 1084 4306 Latinis
1113 4197 1160 4305 olr-

154 4331 177 4372 re
191 4339 222 4378 au
240 4329 326 4382 erent,
