2760 4756
442 453 635 508 lumime
657 439 727 506 nm.
752 449 786 504 a.
810 444 857 504 11.
1156 433 1195 497 et

110 630 237 718 μοίντου
261 631 469 720 ἐγρηγορέναι
489 630 610 710 κακίαν,
633 629 687 696 ἵνα
707 623 907 714 βουλόμενον
925 630 1199 716 παρασπονδῆσαι

111 725 237 822 όπείργη
261 735 385 800 τοῦτον
403 734 462 798 τοῦ
484 727 710 820 ἐγχειρήματος
740 729 795 796 καὶ
826 725 879 796 διὰ
911 725 1018 816 πάσης
1049 725 1198 814 μεθόδου

112 831 213 924 διαλίη
245 831 309 914 τάς
343 833 466 900 ἐκείνου
496 827 649 919 μηχανάς.
694 826 770 898 όδέ
790 827 877 915 πρός
896 826 954 897 τόν
978 821 1200 914 αότσκράιορά

113 959 201 1022 φησιν
224 936 283 1001 “ε“κ
306 930 478 1020 προγόνων
499 929 654 1017 καθάπερ
687 930 759 999 τινά
791 933 912 1018 κλῆρον
943 927 1001 1018 τὴν
1032 930 1201 1015 ἐπιορκίαν

97 1034 158 1100 luel
176 1035 235 1102 τόν
258 1031 358 1123 δόλον
389 1029 407 1101 ό
439 1036 641 1117 Βαϊμοῢντος
672 1030 874 1119 κεκτημένος,
906 1035 1020 1116 θαῦμα
1039 1031 1198 1116 μέγιστον,

115 1129 139 1198 el
163 1131 205 1201 τά
237 1128 458 1219 όμωμοσμένα
486 1128 721 1220 διατηρησειεν·
757 1129 856 1217 ἔγωγε
886 1131 915 1198 δ’
945 1127 1036 1216 ὅμως
1063 1126 1108 1210 ὥς
1130 1126 1203 1197 ἐνόν

117 1232 241 1303 σπεύσω
263 1232 302 1302 τό
321 1235 532 1320 προσταχθὲν
552 1227 607 1301 olei
620 1227 866 1320 α’ποπληροῠν”.
882 1269 883 1272 ¹
901 1233 955 1300 καὶ
968 1228 1203 1316 συνταξάμενος

117 1342 155 1424 τῷ
174 1333 391 1422 αὐτοκράτορι
413 1328 543 1404 άπεισιν
566 1331 819 1420 ἐπιθησόμενος
847 1339 894 1422 τῷ
923 1336 1022 1402 παντὶ
1052 1332 1202 1422 στρατεί-

118 1463 182 1521 ματι
197 1443 265 1505 τῶν
280 1440 426 1506 Κελτῶν.
462 1433 480 1504 ὁ
503 1437 614 1521 μέντοι
627 1429 835 1523 αὐτοκράτωρ
855 1426 955 1523 ἤθελε
970 1433 1123 1522 μὲνμετὰ
1137 1435 1235 1501 roll>

92 1541 245 1606 1οΚελτιῦυ
267 1535 349 1605 κατά
369 1543 435 1605 τῶν
455 1535 630 1624 βαρβάρων
658 1529 797 1616 ἀπιέναι,
829 1537 945 1604 ἐδεδίει
973 1537 1009 1603 δὲ
1033 1533 1072 1601 τό
1097 1528 1203 1602 αότῶν
1211 1540 1241 1596 Ρ.
1261 1541 1312 1594 306

119 1631 330 1726 ἀναρίθμητον
364 1640 505 1724 πλῆθος.
536 1639 618 1705 ,δεῖν
651 1626 709 1705 σάν
738 1637 905 1722 ἐλογίσατο
938 1634 997 1703 τόν
1018 1632 1204 1704 Πελικάνον

119 1743 310 1824 καταλαβεῖν,
333 1742 374 1805 ἵν’
400 1735 535 1826 ε’γγόθεν
556 1739 692 1818 Νικαίας
712 1739 927 1822 ’ἐνδιατρίβων
955 1731 1119 1822 μανθάνοι
1145 1737 1205 1821 μέν

120 1838 152 1908 τά
171 1846 241 1920 τοῖς
261 1843 404 1920 Κελτοῖς
423 1841 649 1924 συμβαίνοντα,
673 1837 738 1926 άμα
759 1837 795 1908 δέ
817 1842 870 1907 καὶ
890 1836 949 1919 τάς
969 1843 1035 1906 τῶν
1053 1840 1206 1924 Τούρκων

122 1937 239 2022 ίξωθεν
262 1938 404 2030 ἐφόδους
426 1943 480 2008 καὶ
503 1939 561 2030 τόν
582 1947 649 2008 τῶν
670 1940 761 2022 ἐντός
783 1942 918 2022 Νικαίας
941 1938 1144 2009 κατάστασιν.
1173 1939 1206 2006 έν

95 2043 204 2130 Ιοδεινῷ
225 2039 285 2128 γάρ
309 2043 465 2123 ἐποιεῖτο,
489 2041 517 2109 εί
539 2039 585 2130 μή
607 2068 638 2108 τι
660 2040 870 2130 στρατηγικόν
892 2041 926 2110 έν
945 2047 993 2131 τῷ
1012 2037 1132 2128 μεταξό
1152 2040 1206 2107 καὶ

123 2134 207 2222 αότός
234 2140 457 2227 κατορθιόσοι,
489 2145 543 2210 καὶ
569 2145 788 2225 διεσκυπεῖτο,
821 2147 874 2210 ἵνα
907 2142 937 2212 εί
969 2141 1136 2230 έπιτηδεια
1165 2138 1206 2207 τά

124 2245 284 2330 πράγματα
305 2239 444 2332 εὑρήσει,
469 2236 566 2323 αότός
587 2241 646 2334 τὴν
667 2246 802 2312 Νίκαιαν
824 2243 880 2334 ἕλη
902 2246 955 2312 καὶ
968 2241 1013 2332 μή
1037 2240 1127 2328 παρά
1140 2246 1206 2309 τῶν
1214 2240 1246 2296 V·
1265 2243 1316 2295 242

127 2345 248 2410 Κελτῶν
270 2336 371 2436 αὐτὴν
402 2345 495 2433 σχοίη
527 2341 607 2410 κατά
639 2341 679 2410 τά
701 2348 778 2430 παρ’
814 2345 944 2412 ἐκείνων
977 2338 1236 2430 όμωμοσμένα.Β

129 2437 182 2526 εἶχε
203 2448 238 2512 δέ
259 2442 318 2532 τὴν
338 2441 459 2530 βουλὴν
490 2442 608 2533 ταύτην
640 2442 840 2531 ὑποβρύχιον
870 2448 923 2512 καὶ
954 2453 1020 2512 πᾶν
1055 2441 1139 2529 άπερ
1169 2439 1209 2510 όν

98 2537 274 2630 woltoniam
309 2547 362 2611 καὶ
388 2543 451 2636 ’τήν
480 2543 586 2612 αἰτίαν
618 2548 660 2613 δι’
695 2539 734 2636 ἣν
765 2546 885 2632 γίνεται
914 2539 1012 2625 αότός
1036 2546 1090 2611 καὶ
1109 2541 1210 2629 μόνος

131 2633 282 2730 ἠπίστατο,
306 2641 398 2733 μόνιμ
418 2649 465 2732 τῷ
486 2647 693 2735 Βουτουμίτῃ
727 2649 822 2713 τοῦτο
854 2641 1124 2730 έμπεπιστευκώς
1154 2643 1207 2709 καί

215 2891 237 2944 1.
256 2890 441 2959 ααρασνισνδῆ
459 2888 489 2944 G.
597 2885 773 2962 νόμιμοι
791 2889 823 2945 G.
924 2891 964 2946 10.
985 2889 1095 2943 Κελτῶν
1111 2905 1164 2944 om.
1176 2888 1207 2942 G.

216 2961 255 3014 12.
275 3000 354 3014 ......
367 2965 483 3018 Νικαίας
492 2957 523 3015 G.
591 2955 733 3032 μανθάνοι
751 2961 821 3028 FG’,
839 2955 970 3033 μανθάνῃ
987 2960 1056 3014 PG¹.
1165 2961 1207 3014 16.

214 3025 383 3101 κατορθῶσαι
398 3031 431 3095 F,
453 3027 613 3105 κατορθώσῃ
631 3031 661 3086 P.
756 3039 801 3087 καὶ
819 3049 871 3086 om.
892 3032 944 3088 CG.
1035 3032 1207 3084 διεσκοπεῖτο

231 3103 280 3158 οῦν
298 3102 351 3158 CG.
411 3105 435 3156 al
449 3101 480 3168 F,
501 3101 550 3156 ἐὰν
567 3102 597 3158 Ρ,
665 3104 791 3171 ἐπίτηδες
808 3104 840 3158 F.
952 3105 992 3160 17.
1012 3102 1057 3176 ἕλη
1075 3103 1108 3172 F,
1127 3099 1207 3177 άνέλη

214 3121 234 3227 d
353 3176 394 3228 18.
413 3169 588 3247 όμωμομένα
606 3173 660 3229 OG.
770 3177 814 3230 21.
832 3181 987 3250 ῌαυτομίτη
1006 3175 1058 3231 OG.

128 3415 268 3481 'Boimundi
292 3427 428 3482 malitiam
456 3428 573 3498 rogavit,
605 3433 636 3484 nt
664 3433 693 3484 et
721 3446 737 3482 a
763 3430 851 3497 paetia
869 3427 1009 3483 laedendis
1027 3444 1089 3481 eum
1108 3425 1211 3481 detine·

138 3495 210 3584 rotet
227 3500 322 3567 qnoria
341 3499 424 3554 modo
448 3499 506 3554 eiu·
533 3501 673 3556 maehinee
697 3500 866 3554 dissolveret.
911 3505 971 3554 tum
999 3502 1022 3554 ia
1050 3500 1211 3568 imperatori

138 3558 207 3618 ‘Cum
229 3587 245 3623 e
268 3571 380 3638 proavia
405 3570 559 3640 periurium
586 3589 619 3626 eo
645 3571 739 3626 dolum
762 3572 848 3626 veluti
874 3571 1054 3626 hereditatem
1075 3570 1212 3639 quandam

139 3627 288 3695 Botnundus
305 3643 452 3710 eooeparit,
471 3646 590 3696 maxime
607 3644 708 3697 mirum
725 3659 789 3697 aene
802 3644 847 3710 nit,
861 3644 885 3696 ei
896 3644 940 3697 iue
951 3641 1099 3696 iurandum
1115 3645 1211 3696 serrat.

140 3702 220 3776 lmen,
236 3717 369 3782 quantum
388 3713 418 3766 in
436 3731 479 3768 me
498 3715 561 3782 erit,
580 3731 630 3784 ego
646 3715 694 3768 isti
710 3719 773 3768 tuae
787 3714 925 3770 voluntati
938 3730 1087 3783 numquam
1101 3712 1211 3768 deero.”

140 3772 236 3851 §liliola
253 3784 317 3838 dein
336 3787 504 3853 imperatore
524 3787 578 3840 toti
606 3802 634 3839 ae
652 3785 794 3839 Gallorum
812 3787 947 3840 exercitui
968 3785 1148 3839 adiuncturus
1166 3785 1213 3838 eb·

140 3846 173 3896 ut.
212 3871 302 3910 verum
331 3857 483 3924 imperator
508 3875 570 3912 oum
594 3875 650 3911 una
675 3875 736 3912 oum
754 3857 839 3911 Gallie
862 3858 891 3911 in
914 3857 1049 3910 berbaroa
1075 3853 1213 3924 profioieoi

141 3914 254 3993 minime,
281 3927 387 3981 veritus
410 3932 503 3981 tamen
529 3929 758 3982 innumerabilem
787 3945 882 3982 eorum
915 3928 1022 3996 oopiam
1048 3926 1210 3980 Pelooenum

141 3989 237 4050 eundum
267 3997 363 4067 ibique
388 3999 551 4053 menendum
580 4001 695 4064 cenauit,
727 4005 759 4055 ut
787 4003 903 4069 propter
930 3997 1046 4052 Nicaeae
1072 3997 1211 4064 ricinium,

142 4067 196 4144 ‘luat
210 4073 231 4122 et
251 4069 335 4124 Gellia
352 4069 508 4124 acciderent
528 4069 672 4126 etToroee
695 4072 770 4125 intre
787 4071 917 4125 Nioeoam
936 4070 1057 4139 forisque
1075 4073 1212 4138 gererent,

141 4139 239 4204 rotome,
273 4142 456 4210 nequeenim
476 4141 789 4211 dignumeeiudioena‚
815 4143 838 4195 ai
862 4141 933 4196 nihil
956 4142 1015 4211 ipae
1031 4142 1138 4194 interea
1156 4141 1211 4194 bel·

142 4192 195 4255 ¹¹0&
209 4211 306 4278 gloriae
326 4213 379 4266 eibi
403 4218 523 4282 pararet,
551 4214 692 4268 oooaeione
710 4214 804 4268 oblate
821 4215 879 4282 ipse
897 4213 1005 4267 studuit
1023 4211 1152 4266 Nicaeam
1171 4211 1212 4265 ro'·

144 4281 249 4338 eulirare
266 4301 316 4337 neo
335 4283 456 4352 eGallia,
474 4290 559 4354 prout
570 4286 656 4340 inreti
668 4289 756 4354 orant,
775 4284 906 4352 aooipere.
925 4284 955 4337 id
967 4289 1058 4338 entem
1069 4284 1214 4339 eonsilium

145 4351 216 4403 omne
237 4353 334 4409 oderit
357 4372 466 4425 unoque
484 4355 627 4412 Butumite
652 4357 761 4442 ooneoio
779 4373 844 4410 uana
862 4357 921 4427 ipee
940 4357 1014 4412 eolus
1031 4372 1105 4428 quae
1119 4357 1217 4428 egeret
