<?xml version="1.0" encoding="UTF-8"?>
<!DOCTYPE html PUBLIC "-//W3C//DTD XHTML 1.0 Transitional//EN"
    "http://www.w3.org/TR/xhtml1/DTD/xhtml1-transitional.dtd">
<html xmlns="http://www.w3.org/1999/xhtml" xml:lang="en" lang="en">
 <head>
  <title>
</title>
<meta http-equiv="Content-Type" content="text/html;charset=utf-8" />
  <meta name='ocr-system' content='tesseract 3.04.00' />
  <meta name='ocr-capabilities' content='ocr_page ocr_carea ocr_par ocr_line ocrx_word'/>
</head>
<body>
  <div class='ocr_page' id='page_1' title='image "annaecomnenaeal00schogoog_0098.png"; bbox 0 0 2716 4770; ppageno 0'>
   <div class='ocr_carea' id='block_1_1' title="bbox 414 397 1156 476">
    <p class='ocr_par' dir='ltr' id='par_1_1' title="bbox 414 375 1156 476">
     <span class='ocr_line' id='line_1_1' title="bbox 414 397 1156 476; baseline -0.005 1"><span class='ocrx_word' id='word_1_1' title='bbox 414 407 816 476; x_wconf 65' lang='lat' dir='ltr'><strong>memorarunt.</strong></span> <span class='ocrx_word' id='word_1_2' title='bbox 1118 397 1156 474; x_wconf 81' lang='grc' dir='ltr'><strong><em>ει</em></strong></span> 
     </span>
    </p>
   </div>
   <div class='ocr_carea' id='block_1_2' title="bbox 52 584 1267 3000">
    <p class='ocr_par' dir='ltr' id='par_1_2' title="bbox 52 584 1267 3000">
     <span class='ocr_line' id='line_1_2' title="bbox 73 584 1160 684; baseline -0.004 -22"><span class='ocrx_word' id='word_1_3' title='bbox 73 621 145 684; x_wconf 88' lang='grc' dir='ltr'><strong><em>τορα.</em></strong></span> <span class='ocrx_word' id='word_1_4' title='bbox 190 594 251 662; x_wconf 86' lang='grc' dir='ltr'><strong><em>καί</em></strong></span> <span class='ocrx_word' id='word_1_5' title='bbox 276 589 363 662; x_wconf 84' lang='grc' dir='ltr'><strong><em>Θεδν</em></strong></span> <span class='ocrx_word' id='word_1_6' title='bbox 381 587 463 678; x_wconf 72' lang='grc' dir='ltr'><strong><em>’ύμῖν</em></strong></span> <span class='ocrx_word' id='word_1_7' title='bbox 484 586 709 677; x_wconf 80' lang='grc' dir='ltr'><strong><em>ἒπομνόμεθα,</em></strong></span> <span class='ocrx_word' id='word_1_8' title='bbox 740 590 866 676; x_wconf 79' lang='grc' dir='ltr'><em>μυρίων</em></span> <span class='ocrx_word' id='word_1_9' title='bbox 889 584 1074 660; x_wconf 83' lang='grc' dir='ltr'><strong><em>αἷπσλαῦσαε</em></strong></span> <span class='ocrx_word' id='word_1_10' title='bbox 1094 595 1160 659; x_wconf 86' lang='grc' dir='ltr'><strong><em>τῶν</em></strong></span> 
     </span>
     <span class='ocr_line' id='line_1_3' title="bbox 73 683 1192 781; baseline -0.008 -17"><span class='ocrx_word' id='word_1_11' title='bbox 73 697 100 780; x_wconf 83' lang='grc' dir='ltr'><strong><em>ἒξ</em></strong></span> <span class='ocrx_word' id='word_1_12' title='bbox 115 689 218 764; x_wconf 79' lang='grc' dir='ltr'><strong><em>αύτσῦ</em></strong></span> <span class='ocrx_word' id='word_1_13' title='bbox 242 690 461 781; x_wconf 84' lang='grc' dir='ltr'><strong><em>δωρημύτων·</em></strong></span> <span class='ocrx_word' id='word_1_14' title='bbox 483 683 631 772; x_wconf 79' lang='grc' dir='ltr'><strong><em>κύπειτα,</em></strong></span> <span class='ocrx_word' id='word_1_15' title='bbox 645 687 712 778; x_wconf 86' lang='grc' dir='ltr'><strong><em>όπη</em></strong></span> <span class='ocrx_word' id='word_1_16' title='bbox 733 690 892 780; x_wconf 79' lang='grc' dir='ltr'><strong><em>βουλητὸν</em></strong></span> <span class='ocrx_word' id='word_1_17' title='bbox 913 691 997 776; x_wconf 84' lang='grc' dir='ltr'><strong><em>ύμῖν,</em></strong></span> <span class='ocrx_word' id='word_1_18' title='bbox 1021 684 1192 761; x_wconf 84' lang='grc' dir='ltr'><strong><em>ύπελεύ-Ι)</em></strong></span> 
     </span>
     <span class='ocr_line' id='line_1_4' title="bbox 73 790 1159 879; baseline -0.002 -15"><span class='ocrx_word' id='word_1_19' title='bbox 73 804 161 865; x_wconf 85' lang='grc' dir='ltr'><strong><em>σεσθε</em></strong></span> <span class='ocrx_word' id='word_1_20' title='bbox 184 791 315 875; x_wconf 79' lang='grc' dir='ltr'><strong><em>ώνέτως</em></strong></span> <span class='ocrx_word' id='word_1_21' title='bbox 337 791 382 874; x_wconf 86' lang='grc' dir='ltr'><strong><em>ώς</em></strong></span> <span class='ocrx_word' id='word_1_22' title='bbox 402 790 601 878; x_wconf 79' lang='grc' dir='ltr'><strong><em>ἐλεύθεροι.”</em></strong></span> <span class='ocrx_word' id='word_1_23' title='bbox 623 793 801 860; x_wconf 82' lang='grc' dir='ltr'><strong><em>πείθονται</em></strong></span> <span class='ocrx_word' id='word_1_24' title='bbox 813 799 884 873; x_wconf 87' lang='grc' dir='ltr'><strong><em>τοῖς</em></strong></span> <span class='ocrx_word' id='word_1_25' title='bbox 904 791 1030 861; x_wconf 87' lang='grc' dir='ltr'><strong><em>τούτων</em></strong></span> <span class='ocrx_word' id='word_1_26' title='bbox 1051 790 1159 879; x_wconf 95' lang='grc' dir='ltr'><strong><em>λόγοις</em></strong></span> 
     </span>
     <span class='ocr_line' id='line_1_5' title="bbox 73 885 1159 983; baseline -0.004 -17"><span class='ocrx_word' id='word_1_27' title='bbox 73 893 96 966; x_wconf 80' lang='lat' dir='ltr'><strong><em>oi</em></strong></span> <span class='ocrx_word' id='word_1_28' title='bbox 119 903 266 983; x_wconf 84' lang='grc' dir='ltr'><strong><em>Τοῦρκοι</em></strong></span> <span class='ocrx_word' id='word_1_29' title='bbox 288 897 342 962; x_wconf 89' lang='grc' dir='ltr'><strong><em>καί</em></strong></span> <span class='ocrx_word' id='word_1_30' title='bbox 362 895 491 974; x_wconf 83' lang='grc' dir='ltr'><strong><em>πίστεις</em></strong></span> <span class='ocrx_word' id='word_1_31' title='bbox 512 890 598 979; x_wconf 90' lang='grc' dir='ltr'><strong><em>πρός</em></strong></span> <span class='ocrx_word' id='word_1_32' title='bbox 626 885 783 981; x_wconf 75' lang='grc' dir='ltr'><strong><em>ἀλλήλους</em></strong></span> <span class='ocrx_word' id='word_1_33' title='bbox 811 889 923 974; x_wconf 79' lang='grc' dir='ltr'><strong><em>δόντες</em></strong></span> <span class='ocrx_word' id='word_1_34' title='bbox 943 891 1011 980; x_wconf 78' lang='grc' dir='ltr'><strong><em>ἅμα</em></strong></span> <span class='ocrx_word' id='word_1_35' title='bbox 1031 895 1086 962; x_wconf 88' lang='grc' dir='ltr'><strong><em>καὶ</em></strong></span> <span class='ocrx_word' id='word_1_36' title='bbox 1106 897 1159 962; x_wconf 93' lang='grc' dir='ltr'><strong><em>λα-</em></strong></span> 
     </span>
     <span class='ocr_line' id='line_1_6' title="bbox 57 987 1160 1087; baseline -0.002 -23"><span class='ocrx_word' id='word_1_37' title='bbox 57 993 174 1079; x_wconf 78' lang='grc' dir='ltr'><strong><em>5βόντες</em></strong></span> <span class='ocrx_word' id='word_1_38' title='bbox 196 1002 258 1087; x_wconf 79' lang='grc' dir='ltr'><strong><em>τῆς</em></strong></span> <span class='ocrx_word' id='word_1_39' title='bbox 279 992 366 1080; x_wconf 85' lang='grc' dir='ltr'><strong><em>πρός</em></strong></span> <span class='ocrx_word' id='word_1_40' title='bbox 386 991 444 1061; x_wconf 88' lang='grc' dir='ltr'><strong><em>τόν</em></strong></span> <span class='ocrx_word' id='word_1_41' title='bbox 465 987 688 1078; x_wconf 83' lang='grc' dir='ltr'><strong><em>αύτοκρότορα</em></strong></span> <span class='ocrx_word' id='word_1_42' title='bbox 711 989 876 1084; x_wconf 77' lang='grc' dir='ltr'><strong><em>φερούσης</em></strong></span> <span class='ocrx_word' id='word_1_43' title='bbox 893 989 1029 1078; x_wconf 79' lang='grc' dir='ltr'><strong><em>εἴχοντο.</em></strong></span> <span class='ocrx_word' id='word_1_44' title='bbox 1062 1020 1160 1062; x_wconf 87' lang='grc' dir='ltr'><strong><em>κατα-</em></strong></span> 
     </span>
     <span class='ocr_line' id='line_1_7' title="bbox 75 1089 1158 1183; baseline -0.001 -19"><span class='ocrx_word' id='word_1_45' title='bbox 75 1094 231 1182; x_wconf 74' lang='grc' dir='ltr'><strong><em>λαβόντων</em></strong></span> <span class='ocrx_word' id='word_1_46' title='bbox 268 1097 305 1164; x_wconf 81' lang='grc' dir='ltr'><em>δὲ</em></span> <span class='ocrx_word' id='word_1_47' title='bbox 344 1091 404 1162; x_wconf 86' lang='grc' dir='ltr'><strong><em>τόν</em></strong></span> <span class='ocrx_word' id='word_1_48' title='bbox 431 1091 630 1176; x_wconf 81' lang='grc' dir='ltr'><strong><em>Πελεκσίνον,</em></strong></span> <span class='ocrx_word' id='word_1_49' title='bbox 663 1089 709 1173; x_wconf 88' lang='grc' dir='ltr'><strong><em>ώς</em></strong></span> <span class='ocrx_word' id='word_1_50' title='bbox 736 1092 873 1175; x_wconf 77' lang='grc' dir='ltr'><strong><em>τούτους</em></strong></span> <span class='ocrx_word' id='word_1_51' title='bbox 902 1091 920 1163; x_wconf 90' lang='grc' dir='ltr'><strong><em>ό</em></strong></span> <span class='ocrx_word' id='word_1_52' title='bbox 948 1089 1158 1183; x_wconf 74' lang='grc' dir='ltr'><strong><em>αὐτοκράτωρ</em></strong></span> 
     </span>
     <span class='ocr_line' id='line_1_8' title="bbox 77 1191 1159 1282; baseline 0 -17"><span class='ocrx_word' id='word_1_53' title='bbox 77 1196 238 1278; x_wconf 80' lang='grc' dir='ltr'><strong><em>ἐθεάσατο,</em></strong></span> <span class='ocrx_word' id='word_1_54' title='bbox 262 1197 341 1282; x_wconf 88' lang='grc' dir='ltr'><strong><em>μεθ’</em></strong></span> <span class='ocrx_word' id='word_1_55' title='bbox 364 1191 476 1281; x_wconf 86' lang='grc' dir='ltr'><strong><em>ίλαρσῦ</em></strong></span> <span class='ocrx_word' id='word_1_56' title='bbox 497 1199 598 1262; x_wconf 88' lang='grc' dir='ltr'><strong><em>πᾶσιν</em></strong></span> <span class='ocrx_word' id='word_1_57' title='bbox 620 1194 802 1274; x_wconf 77' lang='grc' dir='ltr'><strong><em>ἑνατενίσας</em></strong></span> <span class='ocrx_word' id='word_1_58' title='bbox 825 1197 1018 1282; x_wconf 78' lang='grc' dir='ltr'><strong><em>βλέμματος,</em></strong></span> <span class='ocrx_word' id='word_1_59' title='bbox 1052 1198 1159 1266; x_wconf 88' lang='grc' dir='ltr'><strong><em>καίτοι</em></strong></span> 
     </span>
     <span class='ocr_line' id='line_1_9' title="bbox 78 1292 1157 1387; baseline 0.004 -25"><span class='ocrx_word' id='word_1_60' title='bbox 78 1296 171 1366; x_wconf 81' lang='grc' dir='ltr'><strong><em>πολλὰ</em></strong></span> <span class='ocrx_word' id='word_1_61' title='bbox 191 1297 251 1366; x_wconf 85' lang='grc' dir='ltr'><strong><em>τόν</em></strong></span> <span class='ocrx_word' id='word_1_62' title='bbox 269 1293 467 1384; x_wconf 86' lang='grc' dir='ltr'><strong><em>Ῥοδσμηρόν</em></strong></span> <span class='ocrx_word' id='word_1_63' title='bbox 496 1297 549 1362; x_wconf 85' lang='grc' dir='ltr'><strong><em>καί</em></strong></span> <span class='ocrx_word' id='word_1_64' title='bbox 574 1292 632 1363; x_wconf 84' lang='grc' dir='ltr'><strong><em>τόν</em></strong></span> <span class='ocrx_word' id='word_1_65' title='bbox 653 1301 852 1381; x_wconf 84' lang='grc' dir='ltr'><strong><em>Μοναστρᾶν</em></strong></span> <span class='ocrx_word' id='word_1_66' title='bbox 878 1303 956 1383; x_wconf 90' lang='grc' dir='ltr'><strong><em>παρ’</em></strong></span> <span class='ocrx_word' id='word_1_67' title='bbox 983 1295 1087 1387; x_wconf 77' lang='grc' dir='ltr'><strong><em>ἑαυτῷ</em></strong></span> <span class='ocrx_word' id='word_1_68' title='bbox 1110 1323 1157 1366; x_wconf 87' lang='grc' dir='ltr'><strong><em>νε·</em></strong></span> 
     </span>
     <span class='ocr_line' id='line_1_10' title="bbox 81 1388 1267 1484; baseline -0.003 -19"><span class='ocrx_word' id='word_1_69' title='bbox 81 1405 184 1482; x_wconf 82' lang='grc' dir='ltr'><strong><em>μισῶν,</em></strong></span> <span class='ocrx_word' id='word_1_70' title='bbox 197 1397 237 1468; x_wconf 86' lang='grc' dir='ltr'><strong><em>τό</em></strong></span> <span class='ocrx_word' id='word_1_71' title='bbox 252 1399 312 1484; x_wconf 76' lang='grc' dir='ltr'><strong><em>μὲν</em></strong></span> <span class='ocrx_word' id='word_1_72' title='bbox 326 1394 434 1484; x_wconf 87' lang='grc' dir='ltr'><strong><em>παρόν</em></strong></span> <span class='ocrx_word' id='word_1_73' title='bbox 447 1388 782 1484; x_wconf 81' lang='grc' dir='ltr'><strong><em>δνσπαυθησσμένσυς</em></strong></span> <span class='ocrx_word' id='word_1_74' title='bbox 791 1395 927 1479; x_wconf 85' lang='grc' dir='ltr'><strong><em>τούτους</em></strong></span> <span class='ocrx_word' id='word_1_75' title='bbox 935 1400 1141 1483; x_wconf 78' lang='grc' dir='ltr'><strong><em>ἐξαπέστειλε</em></strong></span> <span class='ocrx_word' id='word_1_76' title='bbox 1151 1419 1157 1432; x_wconf 93' lang='grc'><em>·</em></span> <span class='ocrx_word' id='word_1_77' title='bbox 1167 1408 1197 1462; x_wconf 85' lang='grc' dir='ltr'><strong><em>Ρ.</em></strong></span> <span class='ocrx_word' id='word_1_78' title='bbox 1216 1409 1267 1463; x_wconf 79' lang='lat'><strong><em>316</em></strong></span> 
     </span>
     <span class='ocr_line' id='line_1_11' title="bbox 52 1493 1158 1590; baseline 0.002 -24"><span class='ocrx_word' id='word_1_79' title='bbox 52 1499 148 1567; x_wconf 82' lang='grc' dir='ltr'><strong><em>Ιῦκατὰ</em></strong></span> <span class='ocrx_word' id='word_1_80' title='bbox 167 1502 203 1570; x_wconf 80' lang='grc' dir='ltr'><strong><em>δὲ</em></strong></span> <span class='ocrx_word' id='word_1_81' title='bbox 220 1498 280 1590; x_wconf 78' lang='grc' dir='ltr'><strong><em>τὴν</em></strong></span> <span class='ocrx_word' id='word_1_82' title='bbox 303 1501 468 1580; x_wconf 76' lang='grc' dir='ltr'><strong><em>ἐπιοῦσαν,</em></strong></span> <span class='ocrx_word' id='word_1_83' title='bbox 494 1493 616 1566; x_wconf 88' lang='grc' dir='ltr'><strong><em>ὁπόσοι</em></strong></span> <span class='ocrx_word' id='word_1_84' title='bbox 639 1498 698 1583; x_wconf 78' lang='grc' dir='ltr'><strong><em>μὲν</em></strong></span> <span class='ocrx_word' id='word_1_85' title='bbox 717 1503 784 1565; x_wconf 89' lang='grc' dir='ltr'><strong><em>τῶν</em></strong></span> <span class='ocrx_word' id='word_1_86' title='bbox 805 1495 958 1586; x_wconf 89' lang='grc' dir='ltr'><strong><em>Ταύρκων</em></strong></span> <span class='ocrx_word' id='word_1_87' title='bbox 980 1493 1068 1589; x_wconf 76' lang='grc' dir='ltr'><strong><em>αύτῷ</em></strong></span> <span class='ocrx_word' id='word_1_88' title='bbox 1096 1507 1158 1590; x_wconf 84' lang='grc' dir='ltr'><strong><em>θη-</em></strong></span> 
     </span>
     <span class='ocr_line' id='line_1_12' title="bbox 86 1593 1158 1690; baseline 0.004 -26"><span class='ocrx_word' id='word_1_89' title='bbox 86 1605 177 1670; x_wconf 81' lang='grc' dir='ltr'><strong><em>τεῦσαι</em></strong></span> <span class='ocrx_word' id='word_1_90' title='bbox 197 1598 461 1688; x_wconf 84' lang='grc' dir='ltr'><strong><em>προτεθύμηντο,</em></strong></span> <span class='ocrx_word' id='word_1_91' title='bbox 485 1600 610 1685; x_wconf 87' lang='grc' dir='ltr'><strong><em>μυρίων</em></strong></span> <span class='ocrx_word' id='word_1_92' title='bbox 635 1602 702 1665; x_wconf 88' lang='grc' dir='ltr'><strong><em>τῶν</em></strong></span> <span class='ocrx_word' id='word_1_93' title='bbox 730 1593 920 1687; x_wconf 74' lang='grc' dir='ltr'><strong><em>εὐεργεσιῶν</em></strong></span> <span class='ocrx_word' id='word_1_94' title='bbox 952 1593 1158 1690; x_wconf 76' lang='grc' dir='ltr'><strong><em>ἀπήλαυσαν·</em></strong></span> 
     </span>
     <span class='ocr_line' id='line_1_13' title="bbox 89 1693 1157 1792; baseline 0 -24"><span class='ocrx_word' id='word_1_95' title='bbox 89 1697 112 1768; x_wconf 78' lang='grc' dir='ltr'><strong><em>οἱ</em></strong></span> <span class='ocrx_word' id='word_1_96' title='bbox 128 1703 158 1770; x_wconf 79' lang='grc' dir='ltr'><strong><em>δὲ</em></strong></span> <span class='ocrx_word' id='word_1_97' title='bbox 175 1703 214 1770; x_wconf 85' lang='grc' dir='ltr'><strong><em>τὰ</em></strong></span> <span class='ocrx_word' id='word_1_98' title='bbox 233 1704 378 1792; x_wconf 83' lang='grc' dir='ltr'><strong><em>σφέτερα</em></strong></span> <span class='ocrx_word' id='word_1_99' title='bbox 396 1694 630 1788; x_wconf 76' lang='grc' dir='ltr'><strong><em>ἀναζητοῦντες</em></strong></span> <span class='ocrx_word' id='word_1_100' title='bbox 645 1701 699 1766; x_wconf 85' lang='grc' dir='ltr'><strong><em>καί</em></strong></span> <span class='ocrx_word' id='word_1_101' title='bbox 718 1693 813 1768; x_wconf 83' lang='grc' dir='ltr'><strong><em>αύτσὶ</em></strong></span> <span class='ocrx_word' id='word_1_102' title='bbox 835 1693 894 1768; x_wconf 86' lang='grc' dir='ltr'><strong><em>ούκ</em></strong></span> <span class='ocrx_word' id='word_1_103' title='bbox 914 1694 1033 1788; x_wconf 79' lang='grc' dir='ltr'><strong><em>ὀλίγων</em></strong></span> <span class='ocrx_word' id='word_1_104' title='bbox 1054 1704 1157 1788; x_wconf 89' lang='grc' dir='ltr'><strong><em>δωρη-</em></strong></span> 
     </span>
     <span class='ocr_line' id='line_1_14' title="bbox 91 1796 1157 1892; baseline 0.001 -24"><span class='ocrx_word' id='word_1_105' title='bbox 91 1797 180 1884; x_wconf 82' lang='grc' dir='ltr'><strong><em>μότωυ</em></strong></span> <span class='ocrx_word' id='word_1_106' title='bbox 198 1798 408 1890; x_wconf 83' lang='grc' dir='ltr'><strong><em>τετυχηκότες</em></strong></span> <span class='ocrx_word' id='word_1_107' title='bbox 428 1796 712 1890; x_wconf 79' lang='grc' dir='ltr'><strong><em>παρεχωρήθησαν</em></strong></span> <span class='ocrx_word' id='word_1_108' title='bbox 733 1805 772 1890; x_wconf 81' lang='grc' dir='ltr'><strong><em>τῇ</em></strong></span> <span class='ocrx_word' id='word_1_109' title='bbox 788 1806 883 1890; x_wconf 88' lang='grc' dir='ltr'><strong><em>σφῶν</em></strong></span> <span class='ocrx_word' id='word_1_110' title='bbox 897 1799 1006 1892; x_wconf 85' lang='grc' dir='ltr'><strong><em>γνώμη</em></strong></span> <span class='ocrx_word' id='word_1_111' title='bbox 1029 1798 1157 1890; x_wconf 79' lang='grc' dir='ltr'><strong><em>ξυγχρή-</em></strong></span> 
     </span>
     <span class='ocr_line' id='line_1_15' title="bbox 93 1893 1159 1990; baseline 0.003 -24"><span class='ocrx_word' id='word_1_112' title='bbox 93 1908 200 1971; x_wconf 87' lang='grc' dir='ltr'><strong><em>σασθαι.</em></strong></span> <span class='ocrx_word' id='word_1_113' title='bbox 240 1895 311 1970; x_wconf 79' lang='grc' dir='ltr'><strong><em>εἷθ’</em></strong></span> <span class='ocrx_word' id='word_1_114' title='bbox 335 1899 473 1986; x_wconf 80' lang='grc' dir='ltr'><strong><em>ὕστερον</em></strong></span> <span class='ocrx_word' id='word_1_115' title='bbox 493 1897 600 1967; x_wconf 79' lang='grc' dir='ltr'><strong><em>πολλὰ</em></strong></span> <span class='ocrx_word' id='word_1_116' title='bbox 621 1903 679 1988; x_wconf 81' lang='grc' dir='ltr'><strong><em>τῆς</em></strong></span> <span class='ocrx_word' id='word_1_117' title='bbox 706 1893 860 1984; x_wconf 73' lang='grc' dir='ltr'><strong><em>ἀβουλίας</em></strong></span> <span class='ocrx_word' id='word_1_118' title='bbox 885 1899 944 1986; x_wconf 84' lang='grc' dir='ltr'><strong><em>τόν</em></strong></span> <span class='ocrx_word' id='word_1_119' title='bbox 963 1898 1159 1990; x_wconf 87' lang='grc' dir='ltr'><strong><em>Ῥοδομηρδν</em></strong></span> 
     </span>
     <span class='ocr_line' id='line_1_16' title="bbox 59 1994 1157 2092; baseline 0.004 -26"><span class='ocrx_word' id='word_1_120' title='bbox 59 2003 136 2067; x_wconf 75' lang='lat' dir='ltr'><strong>limi</strong></span> <span class='ocrx_word' id='word_1_121' title='bbox 149 2002 196 2070; x_wconf 86' lang='grc' dir='ltr'><strong><em>τόν</em></strong></span> <span class='ocrx_word' id='word_1_122' title='bbox 217 2005 419 2087; x_wconf 81' lang='grc' dir='ltr'><strong><em>Μοναστρᾶν</em></strong></span> <span class='ocrx_word' id='word_1_123' title='bbox 438 2000 680 2090; x_wconf 84' lang='grc' dir='ltr'><strong><em>κατεμέμφετο·</em></strong></span> <span class='ocrx_word' id='word_1_124' title='bbox 712 1995 788 2088; x_wconf 84' lang='grc' dir='ltr'><strong><em>μηδ</em></strong></span> <span class='ocrx_word' id='word_1_125' title='bbox 812 1994 1003 2092; x_wconf 81' lang='grc' dir='ltr'><strong><em>όντωπῆσαι</em></strong></span> <span class='ocrx_word' id='word_1_126' title='bbox 1030 2003 1066 2072; x_wconf 80' lang='grc' dir='ltr'><strong><em>δὲ</em></strong></span> <span class='ocrx_word' id='word_1_127' title='bbox 1086 2000 1157 2070; x_wconf 93' lang='grc' dir='ltr'><strong><em>τού-</em></strong></span> 
     </span>
     <span class='ocr_line' id='line_1_17' title="bbox 96 2097 1159 2190; baseline 0.008 -26"><span class='ocrx_word' id='word_1_128' title='bbox 96 2123 154 2182; x_wconf 87' lang='grc' dir='ltr'><strong><em>τους</em></strong></span> <span class='ocrx_word' id='word_1_129' title='bbox 169 2100 218 2170; x_wconf 75' lang='grc' dir='ltr'><strong><em>ὑπ’</em></strong></span> <span class='ocrx_word' id='word_1_130' title='bbox 247 2099 397 2190; x_wconf 75' lang='grc' dir='ltr'><strong><em>αἰσχύνης</em></strong></span> <span class='ocrx_word' id='word_1_131' title='bbox 423 2097 593 2185; x_wconf 85' lang='grc' dir='ltr'><strong><em>ἰσχύοντας</em></strong></span> <span class='ocrx_word' id='word_1_132' title='bbox 622 2097 718 2188; x_wconf 88' lang='grc' dir='ltr'><strong><em>δρῶν,</em></strong></span> <span class='ocrx_word' id='word_1_133' title='bbox 747 2101 939 2188; x_wconf 90' lang='grc' dir='ltr'><strong><em>μεταβαλών</em></strong></span> <span class='ocrx_word' id='word_1_134' title='bbox 964 2101 983 2172; x_wconf 87' lang='grc' dir='ltr'><strong><em>ό</em></strong></span> <span class='ocrx_word' id='word_1_135' title='bbox 1010 2102 1159 2190; x_wconf 84' lang='grc' dir='ltr'><strong><em>βασιλεύς</em></strong></span> 
     </span>
     <span class='ocr_line' id='line_1_18' title="bbox 97 2191 1158 2290; baseline 0.005 -22"><span class='ocrx_word' id='word_1_136' title='bbox 97 2191 269 2274; x_wconf 75' lang='grc' dir='ltr'><strong><em>διαιτᾶσθαι</em></strong></span> <span class='ocrx_word' id='word_1_137' title='bbox 288 2205 329 2270; x_wconf 86' lang='grc' dir='ltr'><strong><em>δι’</em></strong></span> <span class='ocrx_word' id='word_1_138' title='bbox 354 2199 473 2289; x_wconf 65' lang='grc' dir='ltr'><strong><em>ἑτέρων</em></strong></span> <span class='ocrx_word' id='word_1_139' title='bbox 494 2199 600 2288; x_wconf 89' lang='grc' dir='ltr'><strong><em>λόγων</em></strong></span> <span class='ocrx_word' id='word_1_140' title='bbox 629 2200 796 2273; x_wconf 73' lang='grc' dir='ltr'><strong><em>ἔσπευδεν.</em></strong></span> <span class='ocrx_word' id='word_1_141' title='bbox 845 2202 927 2272; x_wconf 78' lang='grc' dir='ltr'><strong><em>ἀλλὰ</em></strong></span> <span class='ocrx_word' id='word_1_142' title='bbox 946 2210 1081 2274; x_wconf 82' lang='grc' dir='ltr'><strong><em>τοιαῦτα</em></strong></span> <span class='ocrx_word' id='word_1_143' title='bbox 1099 2205 1158 2290; x_wconf 81' lang='grc' dir='ltr'><strong><em>μὲν</em></strong></span> 
     </span>
     <span class='ocr_line' id='line_1_19' title="bbox 97 2298 1156 2393; baseline 0.004 -23"><span class='ocrx_word' id='word_1_144' title='bbox 97 2298 128 2364; x_wconf 80' lang='grc' dir='ltr'><strong><em>τό</em></strong></span> <span class='ocrx_word' id='word_1_145' title='bbox 145 2305 210 2372; x_wconf 81' lang='grc' dir='ltr'><strong><em>κατὰ</em></strong></span> <span class='ocrx_word' id='word_1_146' title='bbox 229 2303 287 2374; x_wconf 86' lang='grc' dir='ltr'><strong><em>τόν</em></strong></span> <span class='ocrx_word' id='word_1_147' title='bbox 306 2301 502 2393; x_wconf 86' lang='grc' dir='ltr'><strong><em>Ῥοδομηρδν</em></strong></span> <span class='ocrx_word' id='word_1_148' title='bbox 521 2306 575 2372; x_wconf 86' lang='grc' dir='ltr'><strong><em>καὶ</em></strong></span> <span class='ocrx_word' id='word_1_149' title='bbox 602 2300 660 2372; x_wconf 87' lang='grc' dir='ltr'><strong><em>τόν</em></strong></span> <span class='ocrx_word' id='word_1_150' title='bbox 684 2309 896 2390; x_wconf 83' lang='grc' dir='ltr'><strong><em>Μοναστρᾶν·</em></strong></span> <span class='ocrx_word' id='word_1_151' title='bbox 932 2310 991 2374; x_wconf 82' lang='grc' dir='ltr'><strong><em>τοῦ</em></strong></span> <span class='ocrx_word' id='word_1_152' title='bbox 1017 2308 1052 2375; x_wconf 81' lang='grc' dir='ltr'><strong><em>δὲ</em></strong></span> <span class='ocrx_word' id='word_1_153' title='bbox 1074 2313 1156 2374; x_wconf 85' lang='grc' dir='ltr'><strong><em>Βου-</em></strong></span> 
     </span>
     <span class='ocr_line' id='line_1_20' title="bbox 98 2403 1158 2495; baseline 0.008 -27"><span class='ocrx_word' id='word_1_154' title='bbox 98 2407 222 2486; x_wconf 80' lang='grc' dir='ltr'><strong><em>τουμίτου</em></strong></span> <span class='ocrx_word' id='word_1_155' title='bbox 242 2410 414 2495; x_wconf 81' lang='grc' dir='ltr'><strong><em>τηνικαῦτα</em></strong></span> <span class='ocrx_word' id='word_1_156' title='bbox 429 2403 546 2486; x_wconf 88' lang='grc' dir='ltr'><strong><em>δουκδς</em></strong></span> <span class='ocrx_word' id='word_1_157' title='bbox 567 2405 703 2484; x_wconf 84' lang='grc' dir='ltr'><strong><em>Νικαίας</em></strong></span> <span class='ocrx_word' id='word_1_158' title='bbox 721 2403 811 2492; x_wconf 83' lang='grc' dir='ltr'><strong><em>παρὰ</em></strong></span> <span class='ocrx_word' id='word_1_159' title='bbox 831 2415 894 2474; x_wconf 82' lang='grc' dir='ltr'><strong><em>τοῦ</em></strong></span> <span class='ocrx_word' id='word_1_160' title='bbox 918 2403 1158 2494; x_wconf 77' lang='grc' dir='ltr'><strong><em>αὐτοκράτορος</em></strong></span> 
     </span>
     <span class='ocr_line' id='line_1_21' title="bbox 59 2498 1188 2596; baseline 0.004 -24"><span class='ocrx_word' id='word_1_161' title='bbox 59 2509 366 2592; x_wconf 66' lang='grc' dir='ltr'><strong><em>λῦπροχειρισθέντος,</em></strong></span> <span class='ocrx_word' id='word_1_162' title='bbox 390 2498 549 2596; x_wconf 76' lang='grc' dir='ltr'><strong><em>γ’τήσαντο</em></strong></span> <span class='ocrx_word' id='word_1_163' title='bbox 571 2508 689 2572; x_wconf 79' lang='grc' dir='ltr'><strong><em>τοῦτον</em></strong></span> <span class='ocrx_word' id='word_1_164' title='bbox 721 2501 752 2572; x_wconf 74' lang='lat' dir='ltr'><strong><em>oi</em></strong></span> <span class='ocrx_word' id='word_1_165' title='bbox 775 2507 898 2572; x_wconf 86' lang='grc' dir='ltr'><strong><em>Κελτοί</em></strong></span> <span class='ocrx_word' id='word_1_166' title='bbox 918 2504 1084 2576; x_wconf 74' lang='grc' dir='ltr'><strong><em>εἰσελθεῖν</em></strong></span> <span class='ocrx_word' id='word_1_167' title='bbox 1104 2509 1188 2576; x_wconf 85' lang='grc' dir='ltr'><strong><em>καὶΒ</em></strong></span> 
     </span>
     <span class='ocr_line' id='line_1_22' title="bbox 98 2597 1158 2698; baseline 0.002 -28"><span class='ocrx_word' id='word_1_168' title='bbox 98 2597 129 2662; x_wconf 72' lang='grc' dir='ltr'><strong><em>τὰ</em></strong></span> <span class='ocrx_word' id='word_1_169' title='bbox 145 2603 171 2670; x_wconf 78' lang='grc' dir='ltr'><strong><em>ἐν</em></strong></span> <span class='ocrx_word' id='word_1_170' title='bbox 187 2600 261 2698; x_wconf 79' lang='grc' dir='ltr'><strong><em>αότῇ</em></strong></span> <span class='ocrx_word' id='word_1_171' title='bbox 284 2603 489 2696; x_wconf 80' lang='grc' dir='ltr'><strong><em>ίερδτεμένη</em></strong></span> <span class='ocrx_word' id='word_1_172' title='bbox 511 2609 662 2674; x_wconf 86' lang='grc' dir='ltr'><strong><em>θεᾶσθαι</em></strong></span> <span class='ocrx_word' id='word_1_173' title='bbox 682 2605 736 2670; x_wconf 86' lang='grc' dir='ltr'><strong><em>καί</em></strong></span> <span class='ocrx_word' id='word_1_174' title='bbox 760 2611 966 2692; x_wconf 88' lang='grc' dir='ltr'><strong><em>προσκυνεῖν.</em></strong></span> <span class='ocrx_word' id='word_1_175' title='bbox 1003 2603 1022 2674; x_wconf 89' lang='grc' dir='ltr'><strong><em>ό</em></strong></span> <span class='ocrx_word' id='word_1_176' title='bbox 1044 2608 1080 2676; x_wconf 81' lang='grc' dir='ltr'><strong><em>δὲ</em></strong></span> <span class='ocrx_word' id='word_1_177' title='bbox 1100 2604 1158 2697; x_wconf 80' lang='grc' dir='ltr'><strong><em>τὴν</em></strong></span> 
     </span>
     <span class='ocr_line' id='line_1_23' title="bbox 99 2693 1156 2798; baseline 0.004 -28"><span class='ocrx_word' id='word_1_178' title='bbox 99 2693 180 2770; x_wconf 62' lang='lat' dir='ltr'><strong>tibris</strong></span> <span class='ocrx_word' id='word_1_179' title='bbox 196 2706 321 2795; x_wconf 87' lang='grc' dir='ltr'><strong><em>γνώμην</em></strong></span> <span class='ocrx_word' id='word_1_180' title='bbox 341 2711 456 2798; x_wconf 81' lang='grc' dir='ltr'><strong><em>σαφῶς</em></strong></span> <span class='ocrx_word' id='word_1_181' title='bbox 470 2701 697 2790; x_wconf 77' lang='grc' dir='ltr'><strong><em>ἐπιστάμενος,</em></strong></span> <span class='ocrx_word' id='word_1_182' title='bbox 713 2703 805 2774; x_wconf 75' lang='grc' dir='ltr'><strong><em>καθα</em></strong></span> <span class='ocrx_word' id='word_1_183' title='bbox 826 2702 934 2796; x_wconf 81' lang='grc' dir='ltr'><strong><em>δήπου</em></strong></span> <span class='ocrx_word' id='word_1_184' title='bbox 954 2708 1008 2774; x_wconf 80' lang='grc' dir='ltr'><strong><em>καὶ</em></strong></span> <span class='ocrx_word' id='word_1_185' title='bbox 1022 2703 1156 2795; x_wconf 77' lang='grc' dir='ltr'><strong><em>εἴρηται,</em></strong></span> 
     </span>
     <span class='ocr_line' id='line_1_24' title="bbox 100 2791 1160 2896; baseline 0.006 -28"><span class='ocrx_word' id='word_1_186' title='bbox 100 2791 132 2865; x_wconf 85' lang='grc' dir='ltr'><strong><em>ού</em></strong></span> <span class='ocrx_word' id='word_1_187' title='bbox 140 2809 221 2875; x_wconf 84' lang='grc' dir='ltr'><strong><em>πᾶσιν</em></strong></span> <span class='ocrx_word' id='word_1_188' title='bbox 232 2804 356 2893; x_wconf 80' lang='grc' dir='ltr'><strong><em>ὅμαδόν</em></strong></span> <span class='ocrx_word' id='word_1_189' title='bbox 374 2805 433 2896; x_wconf 81' lang='grc' dir='ltr'><strong><em>την</em></strong></span> <span class='ocrx_word' id='word_1_190' title='bbox 443 2805 619 2875; x_wconf 82' lang='grc' dir='ltr'><strong><em>είσίλευσιν</em></strong></span> <span class='ocrx_word' id='word_1_191' title='bbox 633 2801 817 2891; x_wconf 87' lang='grc' dir='ltr'><strong><em>συνεχώρει,</em></strong></span> <span class='ocrx_word' id='word_1_192' title='bbox 836 2799 917 2873; x_wconf 84' lang='grc' dir='ltr'><strong><em>δλλδ</em></strong></span> <span class='ocrx_word' id='word_1_193' title='bbox 930 2805 1012 2874; x_wconf 78' lang='grc' dir='ltr'><strong><em>κατὰ</em></strong></span> <span class='ocrx_word' id='word_1_194' title='bbox 1023 2805 1160 2887; x_wconf 85' lang='grc' dir='ltr'><strong><em>δεκάδας</em></strong></span> 
     </span>
     <span class='ocr_line' id='line_1_25' title="bbox 100 2893 1158 3000; baseline 0.015 -39"><span class='ocrx_word' id='word_1_195' title='bbox 100 2893 253 2996; x_wconf 74' lang='grc' dir='ltr'><strong><em>ὑπανοίγων</em></strong></span> <span class='ocrx_word' id='word_1_196' title='bbox 273 2907 333 2990; x_wconf 77' lang='grc' dir='ltr'><strong><em>τὰς</em></strong></span> <span class='ocrx_word' id='word_1_197' title='bbox 354 2905 459 2989; x_wconf 89' lang='grc' dir='ltr'><strong><em>πύλας</em></strong></span> <span class='ocrx_word' id='word_1_198' title='bbox 478 2905 664 2995; x_wconf 84' lang='grc' dir='ltr'><strong><em>παρεχώρει</em></strong></span> <span class='ocrx_word' id='word_1_199' title='bbox 687 2918 758 2990; x_wconf 83' lang='grc' dir='ltr'><strong><em>τοῖς</em></strong></span> <span class='ocrx_word' id='word_1_200' title='bbox 778 2914 919 2992; x_wconf 88' lang='grc' dir='ltr'><strong><em>Κελτοῖς</em></strong></span> <span class='ocrx_word' id='word_1_201' title='bbox 943 2916 1001 3000; x_wconf 84' lang='grc' dir='ltr'><strong><em>τῆς</em></strong></span> <span class='ocrx_word' id='word_1_202' title='bbox 1015 2906 1158 2979; x_wconf 75' lang='grc' dir='ltr'><strong><em>εἰσόδου.</em></strong></span> 
     </span>
    </p>
   </div>
   <div class='ocr_carea' id='block_1_3' title="bbox 172 3043 1156 3190">
    <p class='ocr_par' dir='ltr' id='par_1_3' title="bbox 172 3043 1156 3190">
     <span class='ocr_line' id='line_1_26' title="bbox 173 3043 1156 3120; baseline 0.006 -22"><span class='ocrx_word' id='word_1_203' title='bbox 173 3048 193 3102; x_wconf 83' lang='grc'><strong><em>3.</em></strong></span> <span class='ocrx_word' id='word_1_204' title='bbox 210 3045 309 3108; x_wconf 77' lang='grc' dir='ltr'><strong><em>ιἐνέτως</em></strong></span> <span class='ocrx_word' id='word_1_205' title='bbox 325 3065 379 3103; x_wconf 89' lang='lat' dir='ltr'><strong><em>om.</em></strong></span> <span class='ocrx_word' id='word_1_206' title='bbox 398 3045 425 3102; x_wconf 79' lang='lat' dir='ltr'><strong><em>G.</em></strong></span> <span class='ocrx_word' id='word_1_207' title='bbox 553 3048 593 3103; x_wconf 82' lang='lat'><strong><em>15.</em></strong></span> <span class='ocrx_word' id='word_1_208' title='bbox 615 3047 647 3102; x_wconf 76' lang='grc' dir='ltr'><strong><em>δὲ</em></strong></span> <span class='ocrx_word' id='word_1_209' title='bbox 663 3043 772 3109; x_wconf 85' lang='grc' dir='ltr'><strong><em>τούτους</em></strong></span> <span class='ocrx_word' id='word_1_210' title='bbox 788 3049 820 3120; x_wconf 82' lang='lat' dir='ltr'><strong><em>F,</em></strong></span> <span class='ocrx_word' id='word_1_211' title='bbox 836 3045 948 3110; x_wconf 81' lang='grc' dir='ltr'><strong><em>τούτους</em></strong></span> <span class='ocrx_word' id='word_1_212' title='bbox 964 3049 994 3107; x_wconf 87' lang='grc' dir='ltr'><strong><em>Ρ.</em></strong></span> <span class='ocrx_word' id='word_1_213' title='bbox 1115 3050 1156 3105; x_wconf 88' lang='grc'><strong><em>16.</em></strong></span> 
     </span>
     <span class='ocr_line' id='line_1_27' title="bbox 172 3115 773 3190; baseline 0.008 -19"><span class='ocrx_word' id='word_1_214' title='bbox 172 3115 236 3188; x_wconf 86' lang='grc' dir='ltr'><strong><em>δρῶν</em></strong></span> <span class='ocrx_word' id='word_1_215' title='bbox 254 3121 287 3190; x_wconf 81' lang='lat' dir='ltr'><strong><em>F,</em></strong></span> <span class='ocrx_word' id='word_1_216' title='bbox 306 3117 374 3190; x_wconf 80' lang='grc' dir='ltr'><strong><em>όρᾷν</em></strong></span> <span class='ocrx_word' id='word_1_217' title='bbox 391 3117 422 3173; x_wconf 89' lang='grc' dir='ltr'><strong><em>Ρ.</em></strong></span> <span class='ocrx_word' id='word_1_218' title='bbox 532 3122 571 3174; x_wconf 81' lang='grc'><strong><em>17.</em></strong></span> <span class='ocrx_word' id='word_1_219' title='bbox 591 3120 726 3175; x_wconf 73' lang='grc' dir='ltr'><strong><em>ἔσπευσεν</em></strong></span> <span class='ocrx_word' id='word_1_220' title='bbox 745 3119 773 3176; x_wconf 81' lang='lat' dir='ltr'><strong><em>O.</em></strong></span> 
     </span>
    </p>
   </div>
   <div class='ocr_carea' id='block_1_4' title="bbox 48 3248 1171 4392">
    <p class='ocr_par' dir='ltr' id='par_1_4' title="bbox 48 3248 1171 4392">
     <span class='ocr_line' id='line_1_28' title="bbox 48 3248 1158 3324; baseline 0.002 -20"><span class='ocrx_word' id='word_1_221' title='bbox 48 3301 51 3304; x_wconf 87' lang='lat'>.</span> <span class='ocrx_word' id='word_1_222' title='bbox 98 3253 148 3324; x_wconf 60' lang='grc' dir='ltr'><strong><em>ΒΨ.</em></strong></span> <span class='ocrx_word' id='word_1_223' title='bbox 177 3249 212 3304; x_wconf 83' lang='lat' dir='ltr'><strong><em>sie</em></strong></span> <span class='ocrx_word' id='word_1_224' title='bbox 227 3248 279 3304; x_wconf 89' lang='lat' dir='ltr'><strong><em>deo</em></strong></span> <span class='ocrx_word' id='word_1_225' title='bbox 298 3253 368 3304; x_wconf 81' lang='lat' dir='ltr'><strong>teste</strong></span> <span class='ocrx_word' id='word_1_226' title='bbox 386 3249 508 3304; x_wconf 82' lang='lat' dir='ltr'><strong>iuremus</strong></span> <span class='ocrx_word' id='word_1_227' title='bbox 533 3248 594 3304; x_wconf 85' lang='lat' dir='ltr'><strong>fore</strong></span> <span class='ocrx_word' id='word_1_228' title='bbox 611 3254 644 3306; x_wconf 87' lang='lat' dir='ltr'><strong>ut</strong></span> <span class='ocrx_word' id='word_1_229' title='bbox 666 3251 914 3306; x_wconf 66' lang='lat' dir='ltr'><strong>innumerabilibus</strong></span> <span class='ocrx_word' id='word_1_230' title='bbox 937 3251 972 3306; x_wconf 83' lang='lat' dir='ltr'><strong><em>ub</em></strong></span> <span class='ocrx_word' id='word_1_231' title='bbox 990 3252 1158 3320; x_wconf 67' lang='lat' dir='ltr'><strong>imperatore</strong></span> 
     </span>
     <span class='ocr_line' id='line_1_29' title="bbox 96 3309 1171 3392; baseline 0.005 -22"><span class='ocrx_word' id='word_1_232' title='bbox 96 3309 155 3369; x_wconf 70' lang='lat' dir='ltr'><strong><em>donn</em></strong></span> <span class='ocrx_word' id='word_1_233' title='bbox 168 3321 303 3389; x_wconf 76' lang='lat' dir='ltr'><strong>mmulnti,</strong></span> <span class='ocrx_word' id='word_1_234' title='bbox 325 3338 497 3391; x_wconf 77' lang='lat' dir='ltr'><strong>quocumque</strong></span> <span class='ocrx_word' id='word_1_235' title='bbox 521 3320 637 3386; x_wconf 85' lang='lat' dir='ltr'><strong>iubebit,</strong></span> <span class='ocrx_word' id='word_1_236' title='bbox 664 3321 809 3376; x_wconf 77' lang='lat' dir='ltr'><strong>recedendi</strong></span> <span class='ocrx_word' id='word_1_237' title='bbox 834 3327 999 3392; x_wconf 76' lang='lat' dir='ltr'><strong>potestatem</strong></span> <span class='ocrx_word' id='word_1_238' title='bbox 1021 3327 1054 3378; x_wconf 89' lang='lat' dir='ltr'><strong>ut</strong></span> <span class='ocrx_word' id='word_1_239' title='bbox 1077 3321 1171 3376; x_wconf 82' lang='lat' dir='ltr'><strong>liberi</strong></span> 
     </span>
     <span class='ocr_line' id='line_1_30' title="bbox 96 3380 1157 3469; baseline 0.004 -25"><span class='ocrx_word' id='word_1_240' title='bbox 96 3380 214 3469; x_wconf 53' lang='grc' dir='ltr'><strong><em>λεύσσεθ’</em></strong></span> <span class='ocrx_word' id='word_1_241' title='bbox 250 3393 351 3461; x_wconf 90' lang='lat' dir='ltr'><strong>quibus</strong></span> <span class='ocrx_word' id='word_1_242' title='bbox 368 3392 573 3447; x_wconf 83' lang='lat' dir='ltr'><strong>verbisTurese</strong></span> <span class='ocrx_word' id='word_1_243' title='bbox 591 3391 687 3448; x_wconf 81' lang='lat' dir='ltr'><strong>contisi</strong></span> <span class='ocrx_word' id='word_1_244' title='bbox 704 3394 770 3448; x_wconf 79' lang='lat' dir='ltr'><strong>dete</strong></span> <span class='ocrx_word' id='word_1_245' title='bbox 788 3400 953 3464; x_wconf 81' lang='lat' dir='ltr'><strong>uuoeptsque</strong></span> <span class='ocrx_word' id='word_1_246' title='bbox 971 3393 1025 3448; x_wconf 87' lang='lat' dir='ltr'><strong><em>fide</em></strong></span> <span class='ocrx_word' id='word_1_247' title='bbox 1037 3399 1157 3464; x_wconf 83' lang='lat' dir='ltr'><strong>pergunt</strong></span> 
     </span>
     <span class='ocr_line' id='line_1_31' title="bbox 96 3453 1157 3534; baseline 0.004 -20"><span class='ocrx_word' id='word_1_248' title='bbox 96 3453 122 3507; x_wconf 64' lang='lat' dir='ltr'><strong><em>td</em></strong></span> <span class='ocrx_word' id='word_1_249' title='bbox 136 3469 329 3532; x_wconf 65' lang='lat' dir='ltr'><strong>inperatorem</strong></span> <span class='ocrx_word' id='word_1_250' title='bbox 358 3465 406 3532; x_wconf 90' lang='lat' dir='ltr'><strong><em>qni</em></strong></span> <span class='ocrx_word' id='word_1_251' title='bbox 423 3464 586 3519; x_wconf 82' lang='lat' dir='ltr'><strong>Peleounum</strong></span> <span class='ocrx_word' id='word_1_252' title='bbox 604 3482 649 3518; x_wconf 91' lang='lat' dir='ltr'><strong><em>eos</em></strong></span> <span class='ocrx_word' id='word_1_253' title='bbox 677 3465 805 3534; x_wconf 75' lang='lat' dir='ltr'><strong>appulsos</strong></span> <span class='ocrx_word' id='word_1_254' title='bbox 830 3464 903 3520; x_wconf 78' lang='lat' dir='ltr'><strong>laeto</strong></span> <span class='ocrx_word' id='word_1_255' title='bbox 928 3483 1021 3520; x_wconf 88' lang='lat' dir='ltr'><strong>omnes</strong></span> <span class='ocrx_word' id='word_1_256' title='bbox 1038 3466 1157 3519; x_wconf 75' lang='lat' dir='ltr'><strong>intuitus</strong></span> 
     </span>
     <span class='ocr_line' id='line_1_32' title="bbox 95 3526 1154 3608; baseline 0.005 -24"><span class='ocrx_word' id='word_1_257' title='bbox 95 3526 153 3584; x_wconf 74' lang='lat' dir='ltr'><strong>vultu</strong></span> <span class='ocrx_word' id='word_1_258' title='bbox 167 3535 334 3590; x_wconf 74' lang='lat' dir='ltr'><strong>dissimulate</strong></span> <span class='ocrx_word' id='word_1_259' title='bbox 350 3537 380 3589; x_wconf 92' lang='lat' dir='ltr'><strong><em>in</em></strong></span> <span class='ocrx_word' id='word_1_260' title='bbox 396 3535 581 3590; x_wconf 87' lang='lat' dir='ltr'><strong>Rodomerum</strong></span> <span class='ocrx_word' id='word_1_261' title='bbox 599 3541 628 3590; x_wconf 87' lang='lat' dir='ltr'><strong><em>et</em></strong></span> <span class='ocrx_word' id='word_1_262' title='bbox 650 3535 820 3590; x_wconf 80' lang='lat' dir='ltr'><strong>Menestrem</strong></span> <span class='ocrx_word' id='word_1_263' title='bbox 850 3536 1041 3608; x_wconf 76' lang='lat' dir='ltr'><strong>indignatione</strong></span> <span class='ocrx_word' id='word_1_264' title='bbox 1070 3536 1154 3599; x_wconf 78' lang='lat' dir='ltr'><strong>abire,</strong></span> 
     </span>
     <span class='ocr_line' id='line_1_33' title="bbox 94 3603 1155 3677; baseline 0.002 -17"><span class='ocrx_word' id='word_1_265' title='bbox 94 3603 118 3652; x_wconf 66' lang='lat' dir='ltr'><strong>ut</strong></span> <span class='ocrx_word' id='word_1_266' title='bbox 130 3607 324 3675; x_wconf 75' lang='lat' dir='ltr'><strong>requiesesrent,</strong></span> <span class='ocrx_word' id='word_1_267' title='bbox 348 3607 436 3660; x_wconf 88' lang='lat' dir='ltr'><strong>iussit.</strong></span> <span class='ocrx_word' id='word_1_268' title='bbox 472 3608 608 3676; x_wconf 70' lang='lat' dir='ltr'><strong>postridie</strong></span> <span class='ocrx_word' id='word_1_269' title='bbox 626 3609 674 3677; x_wconf 90' lang='lat' dir='ltr'><strong><em>qui</em></strong></span> <span class='ocrx_word' id='word_1_270' title='bbox 684 3607 837 3663; x_wconf 80' lang='lat' dir='ltr'><strong>Tureerum</strong></span> <span class='ocrx_word' id='word_1_271' title='bbox 856 3611 881 3663; x_wconf 91' lang='lat' dir='ltr'><strong><em>ei</em></strong></span> <span class='ocrx_word' id='word_1_272' title='bbox 899 3609 1002 3663; x_wconf 85' lang='lat' dir='ltr'><strong>servire</strong></span> <span class='ocrx_word' id='word_1_273' title='bbox 1019 3608 1155 3674; x_wconf 76' lang='lat' dir='ltr'><strong>volebant,</strong></span> 
     </span>
     <span class='ocr_line' id='line_1_34' title="bbox 93 3677 1155 3748; baseline 0.004 -20"><span class='ocrx_word' id='word_1_274' title='bbox 93 3684 127 3724; x_wconf 73' lang='grc' dir='ltr'><strong><em>ωε</em></strong></span> <span class='ocrx_word' id='word_1_275' title='bbox 140 3677 281 3734; x_wconf 84' lang='lat' dir='ltr'><strong>innumeris</strong></span> <span class='ocrx_word' id='word_1_276' title='bbox 299 3677 438 3733; x_wconf 83' lang='lat' dir='ltr'><strong>benefieiis</strong></span> <span class='ocrx_word' id='word_1_277' title='bbox 456 3677 562 3747; x_wconf 76' lang='lat' dir='ltr'><strong>effedt3</strong></span> <span class='ocrx_word' id='word_1_278' title='bbox 591 3679 640 3748; x_wconf 87' lang='lat' dir='ltr'><strong><em>qui</em></strong></span> <span class='ocrx_word' id='word_1_279' title='bbox 663 3684 756 3734; x_wconf 89' lang='lat' dir='ltr'><strong>sutem</strong></span> <span class='ocrx_word' id='word_1_280' title='bbox 775 3679 908 3734; x_wconf 85' lang='lat' dir='ltr'><strong>redeundi</strong></span> <span class='ocrx_word' id='word_1_281' title='bbox 926 3680 1063 3734; x_wconf 87' lang='lat' dir='ltr'><strong>desiderio</strong></span> <span class='ocrx_word' id='word_1_282' title='bbox 1082 3685 1155 3733; x_wconf 87' lang='lat' dir='ltr'><strong>tene·</strong></span> 
     </span>
     <span class='ocr_line' id='line_1_35' title="bbox 93 3739 1155 3821; baseline 0 -17"><span class='ocrx_word' id='word_1_283' title='bbox 93 3739 178 3816; x_wconf 68' lang='lat' dir='ltr'><strong>buntur,</strong></span> <span class='ocrx_word' id='word_1_284' title='bbox 201 3750 295 3804; x_wconf 86' lang='lat' dir='ltr'><strong>multis</strong></span> <span class='ocrx_word' id='word_1_285' title='bbox 315 3755 344 3804; x_wconf 87' lang='lat' dir='ltr'><strong><em>et</em></strong></span> <span class='ocrx_word' id='word_1_286' title='bbox 361 3750 415 3818; x_wconf 91' lang='lat' dir='ltr'><strong>ipsi</strong></span> <span class='ocrx_word' id='word_1_287' title='bbox 433 3751 566 3805; x_wconf 83' lang='lat' dir='ltr'><strong>eumuleti</strong></span> <span class='ocrx_word' id='word_1_288' title='bbox 583 3750 751 3815; x_wconf 86' lang='lat' dir='ltr'><strong>muneribus,</strong></span> <span class='ocrx_word' id='word_1_289' title='bbox 778 3755 810 3804; x_wconf 89' lang='lat' dir='ltr'><strong>ut</strong></span> <span class='ocrx_word' id='word_1_290' title='bbox 832 3768 909 3808; x_wconf 79' lang='lat' dir='ltr'><strong>suurn</strong></span> <span class='ocrx_word' id='word_1_291' title='bbox 928 3754 1043 3821; x_wconf 88' lang='lat' dir='ltr'><strong>quisque</strong></span> <span class='ocrx_word' id='word_1_292' title='bbox 1061 3750 1155 3812; x_wconf 83' lang='lat' dir='ltr'><strong>volun·</strong></span> 
     </span>
     <span class='ocr_line' id='line_1_36' title="bbox 92 3815 1156 3890; baseline 0.004 -20"><span class='ocrx_word' id='word_1_293' title='bbox 92 3815 156 3872; x_wconf 77' lang='lat' dir='ltr'><strong>tsten</strong></span> <span class='ocrx_word' id='word_1_294' title='bbox 172 3826 337 3890; x_wconf 84' lang='lat' dir='ltr'><strong>sequeretur,</strong></span> <span class='ocrx_word' id='word_1_295' title='bbox 364 3821 490 3890; x_wconf 86' lang='lat' dir='ltr'><strong>permissi</strong></span> <span class='ocrx_word' id='word_1_296' title='bbox 509 3826 582 3876; x_wconf 85' lang='lat' dir='ltr'><strong>sunt.</strong></span> <span class='ocrx_word' id='word_1_297' title='bbox 618 3826 678 3875; x_wconf 86' lang='lat' dir='ltr'><strong>tum</strong></span> <span class='ocrx_word' id='word_1_298' title='bbox 700 3821 811 3877; x_wconf 88' lang='lat' dir='ltr'><strong>demum</strong></span> <span class='ocrx_word' id='word_1_299' title='bbox 839 3822 1026 3877; x_wconf 84' lang='lat' dir='ltr'><strong>Rodomerum</strong></span> <span class='ocrx_word' id='word_1_300' title='bbox 1051 3827 1080 3875; x_wconf 91' lang='lat' dir='ltr'><strong><em>et</em></strong></span> <span class='ocrx_word' id='word_1_301' title='bbox 1097 3821 1156 3874; x_wconf 87' lang='lat' dir='ltr'><strong><em>Mo-</em></strong></span> 
     </span>
     <span class='ocr_line' id='line_1_37' title="bbox 92 3892 1153 3963; baseline 0.004 -22"><span class='ocrx_word' id='word_1_302' title='bbox 92 3892 188 3946; x_wconf 75' lang='lat' dir='ltr'><strong>nutum</strong></span> <span class='ocrx_word' id='word_1_303' title='bbox 205 3893 324 3953; x_wconf 84' lang='lat' dir='ltr'><strong>multum</strong></span> <span class='ocrx_word' id='word_1_304' title='bbox 343 3892 377 3946; x_wconf 86' lang='lat' dir='ltr'><strong><em>de</em></strong></span> <span class='ocrx_word' id='word_1_305' title='bbox 391 3892 579 3962; x_wconf 76' lang='lat' dir='ltr'><strong>imprudentia</strong></span> <span class='ocrx_word' id='word_1_306' title='bbox 589 3893 734 3963; x_wconf 78' lang='lat' dir='ltr'><strong>obiurget5</strong></span> <span class='ocrx_word' id='word_1_307' title='bbox 753 3893 800 3946; x_wconf 88' lang='lat' dir='ltr'><strong><em>sed</em></strong></span> <span class='ocrx_word' id='word_1_308' title='bbox 816 3910 879 3948; x_wconf 89' lang='lat' dir='ltr'><strong><em>enm</em></strong></span> <span class='ocrx_word' id='word_1_309' title='bbox 893 3893 1153 3948; x_wconf 69' lang='lat' dir='ltr'><strong>verecundissimus</strong></span> 
     </span>
     <span class='ocr_line' id='line_1_38' title="bbox 90 3961 1156 4035; baseline 0 -19"><span class='ocrx_word' id='word_1_310' title='bbox 90 3971 117 4010; x_wconf 64' lang='lat'><strong><em>³0</em></strong></span> <span class='ocrx_word' id='word_1_311' title='bbox 134 3961 225 4018; x_wconf 82' lang='lat' dir='ltr'><strong>intueri</strong></span> <span class='ocrx_word' id='word_1_312' title='bbox 244 3963 355 4035; x_wconf 87' lang='lat' dir='ltr'><strong>quidem</strong></span> <span class='ocrx_word' id='word_1_313' title='bbox 379 3980 408 4017; x_wconf 92' lang='lat' dir='ltr'><strong><em>se</em></strong></span> <span class='ocrx_word' id='word_1_314' title='bbox 433 3964 547 4024; x_wconf 83' lang='lat' dir='ltr'><strong>videret.</strong></span> <span class='ocrx_word' id='word_1_315' title='bbox 575 3969 682 4018; x_wconf 78' lang='lat' dir='ltr'><strong>mutatu</strong></span> <span class='ocrx_word' id='word_1_316' title='bbox 705 3965 829 4018; x_wconf 72' lang='lat' dir='ltr'><strong>oratioue</strong></span> <span class='ocrx_word' id='word_1_317' title='bbox 857 3965 1003 4020; x_wconf 76' lang='lat' dir='ltr'><strong>mnoiliere</strong></span> <span class='ocrx_word' id='word_1_318' title='bbox 1030 3981 1075 4018; x_wconf 86' lang='lat' dir='ltr'><strong><em>eos</em></strong></span> <span class='ocrx_word' id='word_1_319' title='bbox 1102 3963 1156 4016; x_wconf 91' lang='lat' dir='ltr'><strong>sibi</strong></span> 
     </span>
     <span class='ocr_line' id='line_1_39' title="bbox 90 4034 1155 4096; baseline 0.004 -12"><span class='ocrx_word' id='word_1_320' title='bbox 90 4043 163 4087; x_wconf 81' lang='lat' dir='ltr'><strong>rursus</strong></span> <span class='ocrx_word' id='word_1_321' title='bbox 178 4035 291 4090; x_wconf 85' lang='lat' dir='ltr'><strong>studuit.</strong></span> <span class='ocrx_word' id='word_1_322' title='bbox 321 4034 452 4089; x_wconf 76' lang='lat' dir='ltr'><strong>haetenus</strong></span> <span class='ocrx_word' id='word_1_323' title='bbox 467 4036 502 4096; x_wconf 81' lang='lat' dir='ltr'><strong><em>de</em></strong></span> <span class='ocrx_word' id='word_1_324' title='bbox 523 4035 679 4090; x_wconf 87' lang='lat' dir='ltr'><strong>Rodomero</strong></span> <span class='ocrx_word' id='word_1_325' title='bbox 699 4041 727 4090; x_wconf 89' lang='lat' dir='ltr'><strong><em>et</em></strong></span> <span class='ocrx_word' id='word_1_326' title='bbox 746 4036 895 4090; x_wconf 75' lang='lat' dir='ltr'><strong>Modestis.</strong></span> <span class='ocrx_word' id='word_1_327' title='bbox 934 4036 981 4090; x_wconf 85' lang='lat' dir='ltr'><strong><em>sed</em></strong></span> <span class='ocrx_word' id='word_1_328' title='bbox 999 4034 1155 4090; x_wconf 84' lang='lat' dir='ltr'><strong>Butumites</strong></span> 
     </span>
     <span class='ocr_line' id='line_1_40' title="bbox 89 4096 1156 4182; baseline -0.004 -20"><span class='ocrx_word' id='word_1_329' title='bbox 89 4096 183 4182; x_wconf 69' lang='grc' dir='ltr'><strong><em>ΙΗὶσεεεε</em></strong></span> <span class='ocrx_word' id='word_1_330' title='bbox 207 4107 263 4162; x_wconf 84' lang='lat' dir='ltr'><strong><em>dux</em></strong></span> <span class='ocrx_word' id='word_1_331' title='bbox 287 4107 333 4160; x_wconf 80' lang='lat' dir='ltr'><strong><em>ab·</em></strong></span> <span class='ocrx_word' id='word_1_332' title='bbox 349 4107 515 4175; x_wconf 78' lang='lat' dir='ltr'><strong>impensiore</strong></span> <span class='ocrx_word' id='word_1_333' title='bbox 534 4106 695 4172; x_wconf 69' lang='lat' dir='ltr'><strong>deute-retus,</strong></span> <span class='ocrx_word' id='word_1_334' title='bbox 722 4124 785 4176; x_wconf 84' lang='lat' dir='ltr'><strong><em>uum</em></strong></span> <span class='ocrx_word' id='word_1_335' title='bbox 805 4124 821 4160; x_wconf 90' lang='lat' dir='ltr'><strong>s</strong></span> <span class='ocrx_word' id='word_1_336' title='bbox 839 4105 924 4160; x_wconf 77' lang='lat' dir='ltr'><strong>Gallis</strong></span> <span class='ocrx_word' id='word_1_337' title='bbox 941 4112 1096 4178; x_wconf 77' lang='lat' dir='ltr'><strong>rogaretur,</strong></span> <span class='ocrx_word' id='word_1_338' title='bbox 1124 4109 1156 4158; x_wconf 87' lang='lat' dir='ltr'><strong>ut</strong></span> 
     </span>
     <span class='ocr_line' id='line_1_41' title="bbox 89 4177 1155 4253; baseline -0.002 -21"><span class='ocrx_word' id='word_1_339' title='bbox 89 4177 172 4253; x_wconf 53' lang='lat' dir='ltr'><strong>luttere</strong></span> <span class='ocrx_word' id='word_1_340' title='bbox 187 4196 231 4234; x_wconf 88' lang='lat' dir='ltr'><strong><em>eos</em></strong></span> <span class='ocrx_word' id='word_1_341' title='bbox 249 4193 394 4246; x_wconf 82' lang='lat' dir='ltr'><strong>sseresque</strong></span> <span class='ocrx_word' id='word_1_342' title='bbox 412 4179 488 4233; x_wconf 91' lang='lat' dir='ltr'><strong>urbis</strong></span> <span class='ocrx_word' id='word_1_343' title='bbox 501 4178 580 4234; x_wconf 83' lang='lat' dir='ltr'><strong>sedes</strong></span> <span class='ocrx_word' id='word_1_344' title='bbox 599 4181 687 4233; x_wconf 83' lang='lat' dir='ltr'><strong>visere</strong></span> <span class='ocrx_word' id='word_1_345' title='bbox 703 4183 732 4232; x_wconf 87' lang='lat' dir='ltr'><strong><em>et</em></strong></span> <span class='ocrx_word' id='word_1_346' title='bbox 745 4177 871 4232; x_wconf 78' lang='lat' dir='ltr'><strong>reuereri</strong></span> <span class='ocrx_word' id='word_1_347' title='bbox 884 4179 994 4246; x_wconf 84' lang='lat' dir='ltr'><strong>sineret,</strong></span> <span class='ocrx_word' id='word_1_348' title='bbox 1006 4195 1061 4232; x_wconf 91' lang='lat' dir='ltr'><strong><em>non</em></strong></span> <span class='ocrx_word' id='word_1_349' title='bbox 1075 4193 1155 4233; x_wconf 86' lang='lat' dir='ltr'><strong>eune·</strong></span> 
     </span>
     <span class='ocr_line' id='line_1_42' title="bbox 88 4246 1155 4318; baseline 0.001 -16"><span class='ocrx_word' id='word_1_350' title='bbox 88 4246 116 4296; x_wconf 71' lang='lat' dir='ltr'><strong><em>bs</em></strong></span> <span class='ocrx_word' id='word_1_351' title='bbox 134 4266 182 4304; x_wconf 90' lang='lat' dir='ltr'><strong><em>uns</em></strong></span> <span class='ocrx_word' id='word_1_352' title='bbox 202 4249 295 4314; x_wconf 70' lang='lat' dir='ltr'><strong>Gallis,</strong></span> <span class='ocrx_word' id='word_1_353' title='bbox 320 4249 387 4318; x_wconf 81' lang='lat' dir='ltr'><strong>quie</strong></span> <span class='ocrx_word' id='word_1_354' title='bbox 404 4253 508 4304; x_wconf 89' lang='lat' dir='ltr'><strong>mentes</strong></span> <span class='ocrx_word' id='word_1_355' title='bbox 526 4267 629 4312; x_wconf 83' lang='lat' dir='ltr'><strong>eorum,</strong></span> <span class='ocrx_word' id='word_1_356' title='bbox 656 4254 688 4304; x_wconf 88' lang='lat' dir='ltr'><strong>ut</strong></span> <span class='ocrx_word' id='word_1_357' title='bbox 709 4249 889 4304; x_wconf 82' lang='lat' dir='ltr'><strong>iem&#39;diotum</strong></span> <span class='ocrx_word' id='word_1_358' title='bbox 912 4255 961 4317; x_wconf 82' lang='lat' dir='ltr'><strong>est,</strong></span> <span class='ocrx_word' id='word_1_359' title='bbox 989 4255 1078 4318; x_wconf 83' lang='lat' dir='ltr'><strong>noret,</strong></span> <span class='ocrx_word' id='word_1_360' title='bbox 1097 4247 1155 4304; x_wconf 80' lang='lat' dir='ltr'><strong>odi·</strong></span> 
     </span>
     <span class='ocr_line' id='line_1_43' title="bbox 88 4316 1020 4392; baseline 0.002 -16"><span class='ocrx_word' id='word_1_361' title='bbox 88 4316 135 4370; x_wconf 65' lang='lat' dir='ltr'><strong>ium</strong></span> <span class='ocrx_word' id='word_1_362' title='bbox 148 4324 283 4390; x_wconf 79' lang='lat' dir='ltr'><strong>eoneessit,</strong></span> <span class='ocrx_word' id='word_1_363' title='bbox 301 4320 350 4376; x_wconf 84' lang='lat' dir='ltr'><strong><em>sed</em></strong></span> <span class='ocrx_word' id='word_1_364' title='bbox 367 4337 417 4391; x_wconf 89' lang='lat' dir='ltr'><strong><em>per</em></strong></span> <span class='ocrx_word' id='word_1_365' title='bbox 435 4320 551 4378; x_wconf 77' lang='lat' dir='ltr'><strong>decedes</strong></span> <span class='ocrx_word' id='word_1_366' title='bbox 568 4321 672 4392; x_wconf 76' lang='lat' dir='ltr'><strong>opertis</strong></span> <span class='ocrx_word' id='word_1_367' title='bbox 690 4321 780 4390; x_wconf 90' lang='lat' dir='ltr'><strong>portis</strong></span> <span class='ocrx_word' id='word_1_368' title='bbox 796 4337 842 4376; x_wconf 88' lang='lat' dir='ltr'><strong><em>eos</em></strong></span> <span class='ocrx_word' id='word_1_369' title='bbox 860 4321 1020 4378; x_wconf 79' lang='lat' dir='ltr'><strong>intromisit</strong></span> 
     </span>
    </p>
   </div>
   <div class='ocr_carea' id='block_1_5' title="bbox 130 4421 968 4484">
    <p class='ocr_par' dir='ltr' id='par_1_5' title="bbox 130 4421 968 4484">
     <span class='ocr_line' id='line_1_44' title="bbox 130 4421 968 4484; baseline 0.005 -4"><span class='ocrx_word' id='word_1_370' title='bbox 130 4421 364 4481; x_wconf 76' lang='grc' dir='ltr'><strong><em>Αοσσθσωσεοα</em></strong></span> <span class='ocrx_word' id='word_1_371' title='bbox 405 4425 447 4480; x_wconf 88' lang='grc' dir='ltr'><strong><em>Π.</em></strong></span> <span class='ocrx_word' id='word_1_372' title='bbox 949 4427 968 4484; x_wconf 77' lang='lat' dir='ltr'><strong>d</strong></span> 
     </span>
    </p>
   </div>
   <div class='ocr_carea' id='block_1_6' title="bbox 0 0 1362 4770">
    <p class='ocr_par' dir='ltr' id='par_1_6' title="bbox 0 0 1362 4770">
     <span class='ocr_line' id='line_1_45' title="bbox 0 0 1362 4770; baseline 0 8"><span class='ocrx_word' id='word_1_373' title='bbox 0 0 1362 4770; x_wconf 95' lang='lat' dir='ltr'><strong><em> </em></strong></span> 
     </span>
    </p>
   </div>
  </div>
 </body>
</html>
