2760 4756
142 415 168 468 X
576 413 791 468 PRAEFATIO.

142 585 308 662 Allatius
341 547 385 659 in.
415 584 514 659 libro
555 584 605 660 de
640 584 774 659 eccles.
809 583 998 660 occident.
1038 597 1075 658 et
1106 584 1241 658 orient.
1306 637 1307 640 ,

9 815 10 818 Ἴ
142 713 331 798 perpetua
351 700 601 774 consensione
621 697 720 786 (Col.
736 698 903 798 Agripp.
927 725 961 772 a.
984 693 1112 795 1648):
1139 699 1243 774 unde

145 839 243 914 quae
267 813 316 889 ad
344 815 509 890 eundem
537 815 679 890 librum
700 814 893 890 decimum
918 815 1162 914 pertinebant
1183 841 1242 890 re·

142 932 276 1032 petivi.
314 946 514 1028 praeterea
541 931 683 1007 nullius
709 931 823 1030 pretii
858 943 944 1006 sunt
975 930 1163 1010 librorum
1188 940 1242 1000 III.
1333 943 1334 946 ’

144 1057 214 1117 IIII.
241 1057 326 1122 xIII.
354 1049 545 1146 epitomae
578 1048 618 1120 in
648 1047 749 1120 libro
783 1046 974 1122 Gronovii
1009 1047 1241 1146 superstites,

145 1187 307 1261 quarum
352 1163 569 1259 exemplum
615 1189 638 1238 a
675 1161 877 1257 Sobopeno
920 1176 1100 1260 paratum
1147 1163 1243 1236 mibi

30 1341 32 1346 ,
143 1290 296 1374 praesto
325 1277 407 1354 fuit.
531 1361 536 1368 ,

244 1393 419 1491 Denique
451 1395 660 1492 scripturas
694 1393 856 1490 adposui
887 1393 1065 1468 editionis
1101 1394 1243 1492 princi·

144 1509 203 1608 pis
218 1503 288 1603 (P),
313 1535 413 1608 quae
440 1509 659 1600 incredibili
685 1509 932 1605 neglegentia
955 1534 976 1581 e
1002 1507 1136 1582 codice
1152 1507 1242 1581 Flo-

11 1693 14 1698 .
143 1625 294 1699 rentino
322 1643 503 1724 expressa
529 1640 605 1700 est:
638 1624 868 1723 aliquotiens
896 1622 1078 1698 Possinus-
1103 1622 1153 1698 ad
1179 1625 1267 1696 cos

143 1738 240 1816 diois
266 1740 469 1816 Barberini
496 1743 721 1816 memoriam
751 1740 908 1836 refugit.

245 1853 308 1928 Ad
328 1855 637 1932 emendationem
663 1883 727 1932 sex
742 1855 943 1932 Alexiadis
965 1855 1151 1930 librorum
1177 1852 1244 1950 qui

143 1970 219 2046 boo
246 1971 442 2044 volumine
470 1972 710 2044 continentur
729 1971 902 2045 nondum
928 1995 1084 2043 manum
1109 1967 1243 2060 admo-

144 2099 252 2161 verat
286 2085 529 2182 Sobopenus:
561 2097 599 2160 at
640 2083 996 2179 interpretationem
1032 2082 1190 2156 latinam
1219 2109 1242 2156 a

146 2200 344 2300 discipulis
383 2199 611 2297 quibusdam
651 2201 866 2273 confectam
908 2197 987 2272 iam
1037 2199 1121 2293 ipse
1160 2223 1243 2272 cor·

83 2365 84 2368 =
144 2331 298 2392 rexerat
335 2315 451 2413 plano
488 2315 529 2390 in
563 2341 647 2390 eam
682 2313 860 2389 vertendi
892 2312 1091 2407 rationem,
1125 2337 1244 2410 quam

145 2432 304 2528 egregie
332 2430 454 2527 praef.
484 2455 522 2529 p.
560 2439 693 2499 XXVIII
729 2428 1075 2504 commendaverat.
1113 2429 1244 2525 recepi

146 2571 230 2626 eam
256 2546 565 2645 necquidquam
593 2546 740 2620 mutavi
764 2545 838 2620 nisi
864 2545 933 2619 ubi
958 2544 1078 2619 verba
1104 2544 1242 2624 Annae

145 2660 384 2738 emendatius
398 2661 511 2758 edita,
532 2660 637 2760 quod
653 2686 768 2760 saepe
789 2659 1019 2755 factumest,
1039 2673 1103 2736 aut
1122 2661 1243 2736 mani·

41 2799 47 2804 ·
145 2777 234 2854 festi
260 2802 408 2852 errores
434 2776 672 2874 flagitabant.

244 2892 394 2967 Deinde
421 2906 647 2989 argumenta
671 2893 861 2968 librorum
889 2905 926 2968 et
965 2892 1131 2987 capitum
1167 2890 1244 2966 dis·

145 3009 348 3085 tinctiones
373 3007 568 3108 Sobopeni
605 3023 705 3084 sunt.
752 3009 856 3084 idem
880 3010 1108 3088 Graecitatis
1143 3007 1244 3083 indi-

145 3148 228 3199 cem
270 3124 492 3198 conditurus
531 3151 580 3199 ex
609 3126 804 3200 volumine
845 3126 974 3223 priore
1012 3125 1245 3201 notabiliora

145 3252 399 3334 excerpserat,
441 3241 579 3338 quibus
612 3265 686 3336 ego
717 3267 806 3316 usus
840 3266 923 3314 oum
960 3241 1073 3336 plura
1106 3241 1246 3315 omissa

145 3353 319 3444 viderem
346 3379 445 3452 quae
470 3355 694 3453 recipienda
730 3369 864 3446 essent,
906 3357 1045 3431 iterata
1079 3355 1245 3431 lectione

145 3483 188 3545 ut
223 3495 354 3544 curam
388 3471 643 3567 inperfectam
679 3471 899 3570 supplerem
934 3471 1069 3546 sedulo
1101 3470 1243 3546 studui.

246 3583 440 3684 Schopeni
477 3587 678 3661 consilium
715 3600 864 3661 secutus
904 3600 1059 3682 praeter
1099 3585 1243 3660 indices

145 3725 273 3776 rerum
300 3716 337 3776 et
353 3702 562 3776 verborum
587 3727 707 3776 novos
729 3703 919 3798 Ducangii
948 3701 1243 3776 commentarios

145 3816 186 3890 in
213 3814 379 3909 Annam,
414 3817 517 3913 quod
555 3817 637 3892 iure
677 3817 744 3892 ille
780 3819 902 3916 praef.
942 3844 979 3916 p.
1007 3826 1141 3887 XXVIII
1176 3840 1243 3889 no·

147 3930 225 4006 bile
241 3930 466 4005 eruditionis
477 3945 768 4008 monumentum
785 3958 867 4007 esse
884 3932 1093 4030 praedicat,
1109 3930 1245 4006 addidi

116 4105 117 4112 κ
147 4072 290 4145 eosque
316 4047 443 4120 indice
469 4049 570 4142 auxi,
604 4072 719 4145 quem
748 4073 810 4123 me
842 4061 999 4123 auctore
1024 4045 1144 4122 Iulius
1172 4046 1244 4119 As·

128 4162 245 4236 ¹bach
280 4155 456 4236 confecit.
508 4163 708 4260 Ducangio
743 4163 925 4258 praemisi
961 4163 1109 4236 Possini
1141 4159 1241 4256 glos·
