2760 4756
218 409 257 483 te'
586 409 716 486 'neuun
737 427 933 484 οοιιαειιεε

106 610 136 666 Ρ.
156 610 208 666 80⁶
218 600 432 688 συμφέροντα,
456 587 677 670 άνοδιδάοκων
697 598 764 687 άμα
784 603 837 668 καὶ
858 593 913 684 αἶς
932 597 1093 669 εἶιόθασιν
1114 597 1146 668 οἱ
1170 604 1310 688 Τοῦρκοι

216 697 401 790 χρήσασθαι
434 702 627 786 μεθοδείαις
658 703 692 769 ἐν
723 709 795 782 ταῖς
824 698 941 787 μάχαις
973 703 1027 769 καὶ
1059 698 1309 787 ὑποτιθέμενος,

217 796 310 881 ὅπως
329 825 366 870 τε
386 799 655 886 παρατάττεσθαι
679 800 738 891 χρὴ
768 804 822 869 καὶ
850 799 968 886 λόχους
998 807 1160 870 καθιστᾶν
1186 804 1239 868 καὶ
1267 797 1312 892 μὴ

216 901 272 969 ἐπὶ
302 899 389 970 πολι)
419 905 556 982 διώκειν,
589 905 728 990 ὁπηνίκα
759 901 890 983 τούτοις
922 899 952 972 oi
979 909 1119 988 Τοῢρκοι
1151 900 1193 970 τά
1225 908 1312 969 νῶτα

216 998 355 1071 διδόασι.
397 1005 450 1070 καὶ
484 1001 588 1084 οάτως
609 1002 662 1071 διά
683 1028 720 1070 τε
751 1007 923 1091 χρημάτων
943 1002 997 1073 διά
1028 1029 1071 1071 τε
1087 1001 1193 1091 λόγων
1213 1017 1336 1071 κατα-δ

217 1098 361 1186 μαλάξας
380 1096 489 1170 αὐτῶν
510 1101 548 1172 τά
581 1095 691 1190 άγριον
724 1105 778 1170 καὶ
807 1102 849 1170 τά
880 1105 1072 1172 συνοίσοντα
1099 1101 1312 1190 ὑποθέμενος

215 1200 274 1294 τὴν
294 1205 529 1290 διαπεραίωσιν
549 1200 794 1291 προάτρέψοτο.
821 1206 879 1272 τόν
894 1207 930 1273 δέ
949 1231 984 1292 γε
1007 1199 1183 1294 Ἰσαχχέλην
1197 1197 1311 1292 ἠγάπα

216 1301 438 1392 διαφερόντως
459 1304 512 1373 διά
534 1331 570 1372 τε
592 1305 631 1373 τά
666 1304 783 1392 περιόν
814 1301 902 1395 αὐτῷ
934 1311 994 1375 τοῦ
1022 1305 1233 1397 φρονήματος
1257 1307 1312 1373 καὶ

215 1407 273 1495 τῆς
295 1401 502 1493 ὑπολήψεως
533 1404 571 1473 τά
606 1400 803 1496 άνόθειτον
820 1409 874 1478 καὶ
900 1405 938 1474 τά
961 1413 1020 1476 τοῦ
1050 1409 1126 1494 βίου
1148 1404 1310 1495 καθαρόν,

185 1501 380 1591 Βγινιόσκων
400 1502 466 1590 άμα
489 1508 543 1573 καὶ
564 1503 689 1575 ὁπόσον
709 1501 802 1595 αὐτῷ
826 1511 885 1597 τῆς
905 1501 1065 1598 άληθείας
1093 1509 1182 1594 μέλει
1212 1508 1313 1595 μηδὲν
1324 1525 1357 1576 10

216 1604 333 1694 ταύτης
354 1609 518 1694 μηδέποτε
540 1609 801 1696 προτιμωμένῳ·
822 1613 986 1679 τοσοῦτον
998 1608 1057 1695 γάρ
1072 1605 1228 1675 ἁπάντων
1244 1611 1313 1675 τῶν

215 1709 435 1778 Antinum&
461 1713 544 1776 πᾶσι
571 1709 728 1798 διέφερεν,
759 1707 840 1776 ὅσον
867 1701 1013 1794 άστέρων
1040 1706 1139 1795 ἥλιος.
1183 1706 1239 1778 διά
1259 1732 1314 1775 τοι

214 1814 312 1876 τοῦτο
332 1809 575 1896 παρακατέσχεν
594 1803 795 1888 σάτδντέως
817 1811 894 1893 μεθ’
919 1807 1044 1877 ἑαυτοῦ.
1076 1806 1234 1876 ἁπάντων
1256 1798 1315 1877 οὖν

215 1911 527 1996 συνταξαμένωντῷ
548 1902 761 1992 αὐτοκράτορι
780 1912 833 1976 καλ
855 1907 910 1977 διά
932 1914 990 1977 τοῦ
1010 1915 1067 2001 τῆς
1082 1911 1315 1994 Προποντίδος

194 2067 197 2070 .
215 2015 378 2095 πορθμοῦ
399 2008 438 2078 τά
456 2007 622 2094 Δαμάλιον
650 2007 901 2094 καταλαβόντων
920 2006 1053 2092 άνεθεὶς
1072 2015 1130 2102 τῆς
1151 2011 1187 2094 ἐξ
1205 2003 1358 2077 αότῶνιο

219 2103 382 2200 ὀχλήσεως
396 2105 547 2192 συχνάκις
560 2108 618 2177 τάν
632 2105 806 2198 Ἰσαχγέλην
827 2113 1067 2195 μετεπέμπετο,
1091 2103 1315 2178 άνοδιδάσκων

216 2209 282 2297 άμα
304 2211 539 2298 καθαρώτερον
559 2210 599 2280 τά
618 2211 698 2278 κατά
721 2210 780 2302 τὴν
801 2209 880 2279 άδόν
903 2213 1130 2303 συμβήσεσθαι
1153 2213 1314 2297 μέλλοντα

214 2317 462 2394 τοῖςΛατόνοις,
488 2311 695 2400 παρεγάμνοο
719 2315 755 2381 δά
776 2315 829 2398 καὶ
852 2307 892 2402 ἣν
913 2316 992 2399 περὶ
1005 2319 1064 2402 τῆς
1077 2309 1314 2398 τῶνΦράχχων

218 2410 345 2500 γνώμης
366 2407 452 2498 εἶχεν
489 2409 667 2500 άπόληψιν.
713 2419 814 2481 ταῦτα
852 2413 1011 2494 πολλάκις
1033 2408 1315 2498 άποστομοτίσας

188 2520 264 2602 0τῴ
289 2508 445 2603 Ἰσαγχέλῃ
468 2516 522 2580 καὶ
545 2511 604 2594 τάς
623 2518 681 2603 τῆς
701 2517 807 2601 ψυχῆς
822 2507 897 2582 οἷον
917 2512 1093 2597 άπανοίξας
1107 2512 1193 2600 αότῷ
1207 2509 1357 2592 πάλαςκο

217 2615 271 2680 καὶ
291 2611 400 2681 πάντα
421 2611 642 2700 διοτρανόσας
663 2615 851 2702 ἐπέσκηψεν
878 2608 929 2681 άεὶ
956 2612 1043 2699 πρός
1070 2611 1129 2704 τὴν
1155 2617 1214 2680 τοῦ
1236 2616 1315 2679 Bai·-

315 2793 338 2843 1.
358 2785 579 2854 ...διδάσκωνΑ,
599 2787 796 2852 ἀναδιδάσκειν
806 2792 835 2845 Ρ.
914 2791 938 2846 2.
955 2792 1080 2862 χρῆσθαι
1091 2792 1139 2846 A„
1198 2791 1223 2844 3.
1242 2789 1311 2844 τὶῦ.

314 2863 337 2916 7.
357 2867 546 2934 προετρέψατο
563 2861 595 2918 Α.
733 2857 882 2934 ἰσαχγέλην
900 2861 957 2926 Fu,
976 2865 1123 2933 Σοχχέλην
1140 2859 1175 2915 P:
1196 2860 1234 2916 eiu
1254 2859 1313 2914 iere

312 2949 426 3002 semper.
521 2935 545 2988 8.
564 2927 609 2986 διά
626 2952 654 2988 τε
675 2931 706 2988 τὸ
725 2934 759 3000 A,
778 2952 806 2988 τε
824 2951 869 2988 om
886 2933 915 2988 P.
1009 2935 1048 2988 12.
1069 2935 1100 2988 ἐν
1117 2934 1186 2986 πᾶσι
1204 2949 1258 2988 om.
1279 2932 1311 2986 G.

314 3006 355 3058 13.
371 3003 439 3078 μεθ’
457 3003 486 3070 G,
510 2999 568 3076 μετ’
589 3004 619 3059 Ρ.
740 3005 781 3060 17.
806 2999 997 3076 καθαρώτερον
1019 3005 1052 3071 F,
1074 2997 1265 3075 καθαρότερον
1282 3002 1311 3058 P.

311 3075 354 3129 21.
374 3077 549 3142 ἐπέσκηπτεν
567 3073 600 3130 G.

213 3247 348 3317 utiliaque
376 3247 502 3317 euedene,
530 3265 584 3318 qne
613 3249 755 3320 pugnandi
785 3251 893 3306 ratione
922 3248 1175 3317 eonmetudineque
1203 3243 1310 3302 Turuue

213 3324 368 3386 uterentur,
392 3319 488 3374 doenit
507 3335 607 3390 eosque
623 3323 739 3388 monuit,
759 3321 896 3392 quomodo
926 3323 998 3376 τοῖσι
1025 3321 1161 3374 instruere
1188 3319 1312 3374 ordinet·

214 3407 268 3461 que
282 3391 430 3446 instituere
448 3391 579 3445 deberent
599 3407 652 3446 neu
681 3392 765 3446 effuee
781 3392 884 3449 Τιιεαοε
903 3392 1041 3463 fugientes
1067 3396 1312 3460 persequerentur:

214 3465 254 3516 ite
281 3463 385 3531 asperis
413 3479 507 3516 eorum
526 3464 649 3518 moribus
667 3463 863 3534 largitionibus
882 3465 1075 3533 eolloquioque
1094 3461 1172 3516 flexi·
1196 3459 1313 3518 benevo-

213 3535 302 3603 litque
311 3535 383 3588 detis
392 3534 521 3602 consiliis,
531 3540 564 3588 ut
578 3537 737 3604 traicerent,
750 3541 847 3590 eueter
861 3535 924 3588 tuit.
944 3536 1083 3605 leengelen
1093 3539 1184 3587 eutem
1196 3539 1314 3602 propter

214 3607 358 3675 probatem
378 3606 554 3675 prudentium
577 3623 725 3678 verumque
742 3609 828 3662 enimi
846 3608 1032 3661 einoenitetem
1058 3623 1090 3660 ιιο
1111 3605 1184 3658 vitee
1205 3605 1314 3660 mundi·

214 3678 284 3731 tium
301 3695 335 3732 ex
362 3679 490 3748 omnibus
515 3681 661 3748 praecipue
686 3681 811 3747 emebet3
841 3695 922 3748 quem
951 3679 1061 3748 quidem
1091 3676 1158 3730 adeo
1185 3678 1313 3731 veritatie

214 3749 367 3803 studiosum
398 3765 454 3802 enee
479 3751 566 3816 novit,
592 3755 624 3803 ut
655 3751 726 3804 nihil
751 3767 880 3820 nmquam
908 3751 933 3804 ei
961 3753 1158 3818 anteponerett
1187 3765 1238 3802 nec
1263 3749 1313 3802 mi·

214 3837 265 3874 nne
294 3838 379 3890 eupre
406 3837 499 3874 emnee
530 3820 644 3876 Latinos
670 3823 788 3876 eminuit
815 3839 896 3891 quum
928 3822 968 3875 eol
998 3837 1082 3890 supra
1106 3819 1205 3874 stelles.
1257 3836 1313 3888 quo

213 3891 318 3946 suetum
336 3898 385 3960 eet,
414 3896 446 3946 ut
464 3897 531 3946 tune
549 3910 610 3947 eum
631 3893 745 3947 Alexiue
766 3893 839 3962 upud
866 3907 895 3946 ee
923 3895 1066 3947 retineret.
1102 3892 1127 3944 it
1163 3907 1197 3943 ne
1226 3891 1313 3960 impe—

212 3968 298 4030 rator,
326 3969 472 4033 postquem
500 3965 585 4018 ueteri
614 3965 639 4017 ei
663 3965 855 4030 valedixen‘unt
882 3981 914 4018 ee
940 3979 991 4033 per
1008 3962 1142 4032 Pnuponti
1165 3961 1186 4013 'e
1205 3961 1310 4016 fretum

212 4033 248 4088 οδ
260 4034 414 4089 Dumelium
434 4041 633 4104 proeeeeerunt,
644 4036 776 4091 molestiis
789 4053 856 4105 quee
867 4037 921 4105 ipei
935 4038 1096 4090 ereuverent
1108 4032 1216 4086 levetue
1228 4049 1310 4103 eeepe

213 4105 355 4176 leengelen
375 4105 491 4161 udvouet
508 4106 721 4176 distinctiusque
740 4108 828 4175 docet,
847 4125 917 4177 quee
933 4106 1042 4160 Latinis
1064 4107 1093 4158 in
1111 4105 1157 4158 vie
1175 4111 1309 4158 eventurn

212 4177 350 4244 crederet3
368 4179 436 4248 quin
453 4178 538 4231 etiem
556 4178 747 4247 euepieionem‚
760 4195 843 4248 quem
854 4179 890 4233 de
899 4179 1014 4234 Freneie
1026 4179 1198 4245 eoneeperet,
1208 4176 1234 4230 ei
1246 4193 1310 4246 epe·

213 4248 280 4301 ruit.
317 4247 360 4303 hie
378 4265 459 4318 eeepe
476 4265 538 4304 eum
557 4249 682 4320 leengele
699 4249 907 4305 eommunieetie
926 4250 1006 4317 eique
1025 4249 1110 4303 enimi
1129 4248 1208 4316 queei
1226 4247 1312 4302 ieuue

213 4336 299 4388 penes
316 4337 348 4374 ee
365 4320 446 4374 rebue
466 4320 594 4376 omnibus
612 4322 748 4378 euerntie
765 4339 845 4392 opem
871 4322 931 4376 eiue
948 4321 1156 4388 metodiemque
1178 4316 1313 4374 aduerunt
