2760 4756
197 429 238 498 60
283 413 288 425 ’
577 443 699 500 iussn
722 437 919 500 οοιιυυνκυ

200 617 250 686 “si
272 615 420 703 πόλεμον
440 614 515 684 τότε
541 619 644 704 ζητεῖν
667 607 726 698 ούχ
757 603 863 700 εὗρες,
896 614 1037 700 πάρεστί
1065 640 1119 683 σοι
1140 613 1293 701 καιρδςδ

198 722 332 787 πολλῶν
353 743 391 787 σε
414 718 569 802 πολέμων
591 711 781 804 ἐμπλήσων·
807 719 1039 802 παρεγγυώμαι
1061 717 1098 783 δέ
1117 741 1185 796 σοι,
1212 713 1294 808 μήτε

198 817 284 906 πρὸς
316 813 468 904 οὐραγίαν
500 814 581 907 μήτε
620 811 706 901 πρός
747 817 898 902 λοχαγίαν
926 818 1086 884 ἵστασθαι
1118 814 1294 906 φάλαγγος,

198 916 279 989 όλλδ
300 918 339 988 τό
361 921 463 1005 μέσον
485 917 578 1001 ἔχειν
601 921 668 984 τῶν
702 913 909 1002 ίμιλοχιτιῖν·
942 915 1124 1010 ἐπιστήμην
1152 915 1213 1005 γδρ
1241 923 1298 1006 τῆς

198 1019 349 1109 μεθόδου
377 1025 445 1087 τιῦν
474 1019 629 1103 πολέμων
656 1020 724 1085 τών
750 1015 904 1103 Τούρκων
932 1019 965 1085 ἐκ
995 1023 1122 1103 μακροῦ
1146 1016 1322 1106 ἐσχηκσ’.ὗ

200 1115 260 1190 ούκ
274 1113 363 1209 αύτῷ
378 1122 414 1187 δέ
429 1116 521 1206 μόνῳ
536 1123 643 1184 ταῦτα
658 1115 902 1203 συνεβούλευεν,
926 1119 1008 1188 ἀλλὰ
1029 1121 1083 1186 καί
1096 1125 1168 1199 τοῖς
1183 1111 1298 1199 όίλλοις

199 1225 302 1290 πᾶσιν
333 1217 444 1288 ὁπόσα
480 1215 611 1298 τούτοις
648 1215 858 1309 συναντήσειν
896 1217 1028 1305 ἔμελλεν
1059 1213 1298 1306 ἀπερχομένοις

199 1320 281 1389 κατὰ
302 1317 361 1409 τὴν
382 1315 460 1388 ὁδόν
483 1319 653 1404 προλέγων
680 1321 887 1407 παρηγγυᾶτο
920 1321 965 1410 μή
987 1313 1135 1404 ἀκρατῶς
1156 1316 1295 1401 διώκειν,

95 1453 101 1462 “
199 1419 340 1509 ὁπηνίκα
368 1419 427 1511 τὴν
453 1420 543 1506 νίκην
572 1411 686 1498 αύτοῖς
714 1420 795 1485 κατὰ
816 1424 882 1486 τῶν
911 1416 1085 1507 βαρβάρων
1106 1421 1180 1508 δοίη
1202 1417 1295 1502 θεός,

197 1525 251 1590 ἵνα
271 1521 316 1612 μή
338 1527 410 1601 τοῖς
431 1517 635 1605 ἐνεδρεύουσι
654 1521 805 1606 λοχαγοῖς
820 1521 1079 1604 περιπίπτοντες
1093 1515 1296 1605 α’ναιρώνται.
1308 1537 1342 1589 10

165 1639 192 1694 Ι)
284 1627 333 1691 11.
376 1615 478 1689 ’Λλλυί
494 1625 599 1688 ταῦτα
612 1621 672 1705 μὲν
685 1618 726 1686 τὰ
747 1616 828 1687 κατὰ
849 1617 908 1687 τὸν
921 1623 1089 1712 Ιοντοφρέ
1110 1623 1164 1688 καί
1183 1619 1298 1689 Ῥαούλ

199 1725 252 1791 καί
272 1721 351 1802 τούς
378 1715 497 1802 ύίλλους
518 1719 596 1801 τούς
622 1721 864 1806 συνεπομένους
890 1715 1016 1800 αύτοῖς.
1060 1719 1078 1788 δ
1101 1723 1137 1789 δέ
1158 1747 1193 1805 γε
1217 1725 1299 1788 Βα“ι’-“

197 1827 338 1908 μούντος
359 1823 529 1907 μετὰτῶν
551 1813 658 1888 όλλων
688 1818 841 1911 κομὴτων
861 1817 1064 1915 Ικαταλαβών
1091 1818 1151 1912 τόν
1162 1815 1298 1908 ’Ἀπρυν

197 1925 251 1991 καί
274 1920 348 2012 μήτ’
371 1923 407 2005 ἐξ
426 1922 564 2008 εὐγενῶν
586 1919 692 2010 φύντα
713 1918 830 1989 ἑαυτὸν
854 1919 1077 2008 ἐπιγινώσκων
1098 1919 1179 2012 μήτε
1202 1920 1298 1990 δονά-

197 2049 270 2108 μεις
292 2021 417 2101 πολλὰς
438 2024 701 2107 συνεπαγόμενος
727 2024 767 2088 δι’
789 2016 828 2113 ἣν
848 2015 915 2105 εἶχε
943 2019 1062 2090 σπάνιν
1089 2027 1155 2090 τῶν
1175 2020 1340 2110 χρημά-ιῠ

198 2149 273 2204 των,
286 2120 345 2214 τὴν
355 2127 414 2188 τοῦ
425 2116 668 2206 αύτοκράτορος
678 2117 880 2206 βουλόμενος
892 2120 1146 2191 ἐπισπάσασθαι
1158 2116 1295 2206 εύνοιαν,

198 2221 265 2309 ἅμα
287 2225 324 2290 δέ
347 2224 401 2289 καί
422 2218 627 2308 συγκαλύψαι
642 2219 684 2289 τοί
699 2216 884 2289 κατ’·αύτδν
898 2225 1033 2305 ἐθέλων,
1056 2223 1139 2310 μετὰ
1152 2226 1230 2292 δέκα
1244 2227 1298 2292 καὶ

198 2321 309 2408 μόνων
331 2325 466 2390 Κελτῶν
488 2319 704 2408 προεξελθών
736 2327 802 2389 τών
834 2314 940 2389 ίίλλων
968 2322 1120 2412 κομὴτων
1154 2323 1298 2394 ἐσπευσε

198 2426 392 2510 καταλαβεῖν
420 2421 480 2514 τὴν
509 2420 755 2507 βασιλεύουσαν.
810 2421 828 2492 δ
861 2426 897 2492 δέ
923 2423 1076 2509 βασιλεύς
1107 2423 1166 2506 τὰς
1196 2420 1298 2493 αὐτοῦ

197 2522 341 2612 μηχανὰς
360 2521 527 2610 γινώσκων
548 2525 602 2591 καί
626 2521 666 2590 cd
695 2520 842 2591 ὕπουλον
867 2527 921 2592 καί
950 2523 1171 2611 ἐνεδρευτικόν
1191 2519 1340 2599 αδτοῦγο

198 2614 285 2715 ἦθος
314 2626 349 2692 ἐκ
379 2628 505 2709 μακροῦ
532 2621 750 2708 ἐπιστάμενος
779 2623 921 2692 ἔσπευσε
953 2625 1020 2710 πρό
1049 2631 1109 2692 τοῦ
1141 2625 1299 2707 καὶτοῖς

88 2749 118 2804 Ρ.
137 2719 317 2806 302ῖίλλους
345 2728 539 2809 καταλαβεῖν
568 2722 712 2812 κόμητας
744 2722 898 2816 δμιλῆσαί
928 2752 965 2794 τε
997 2729 1050 2794 καὶ
1071 2722 1211 2796 υίκοῦσαι
1231 2719 1299 2796 ταῖν

198 2829 277 2912 παρ’
299 2821 400 2894 αὐτοῦ
421 2827 603 2913 λεγομένων
618 2827 671 2892 καὶ
694 2830 807 2893 πεῖσαι
835 2825 902 2913 πρὸ
926 2831 984 2918 τῆς
1005 2829 1139 2895 ἐκείνων
1152 2821 1298 2918 ἀφίξεως

299 3008 324 3060 3.
342 3007 497 3076 λογχαγίαν
511 3005 542 3058 (ί.
660 3007 685 3058 5.
706 3008 838 3077 πολέμων
854 3007 910 3060 τῶν
927 3007 958 3076 F,
976 3023 1030 3060 om.
1050 3005 1102 3075 OG,
1121 3006 1176 3060 τών
1193 3024 1247 3060 om.
1268 3006 1297 3060 P.

298 3079 323 3130 7.
341 3073 427 3162 δμασι
450 3079 482 3130 Δ.
636 3077 660 3129 9.
680 3077 734 3130 τῶν
748 3095 807 3160 μοι.
827 3075 858 3130 G.
881 3145 888 3162 ν
1011 3080 1052 3131 10.
1071 3074 1243 3164 ἀναιροῦντα
1264 3079 1297 3132 A.

300 3151 341 3201 13.
358 3156 468 3219 Λπρων
488 3145 544 3200 FG.
655 3150 695 3202 14.
715 3151 779 3220 μοι’
798 3150 831 3218 Α,
848 3165 916 3220 μητε
936 3149 965 3202 Ρ.
1063 3152 1104 3203 17.
1123 3149 1167 3219 τα]
1188 3169 1248 3208 τους
1264 3147 1297 3203 Α.

198 3310 282 3365 tnno”
311 3311 402 3379 inquit
429 3311 550 3365 “bellum
572 3327 707 3378 quaerens
731 3327 787 3365 nou
809 3311 950 3378 invenisti,
972 3318 1081 3380 tempus
1104 3311 1232 3366 imminet
1254 3318 1298 3368 sat

198 3381 337 3436 bellorum
355 3381 606 3452 suppeditaturum.
636 3383 690 3438 tibi
707 3400 775 3436 vero
793 3381 957 3448 susdeque
975 3385 1071 3436 autin
1090 3389 1232 3450 postrema
1248 3392 1297 3440 aut

197 3454 227 3508 in
247 3454 338 3523 prima
356 3455 414 3508 acie
433 3459 461 3508 te
479 3453 603 3520 colloces,
622 3454 671 3508 aed
683 3454 804 3507 medinm
823 3453 1065 3508 hemiloohitsrum
1083 3453 1175 3508 locum
1193 3461 1297 3510 teneas.

198 3527 264 3579 novi
285 3527 357 3578 enirn
378 3525 482 3578 iamdiu
500 3524 656 3579 Turoarum
678 3543 783 3579 morem
802 3525 951 3580 bellandi.'’
987 3543 1040 3578 neo
1057 3525 1130 3579 huno
1149 3526 1240 3579 solum
1257 3527 1298 3580 ita

198 3598 315 3660 monuit,
335 3596 384 3650 aad
399 3597 512 3666 reliquis
524 3597 662 3660 omnibus,
682 3613 872 3666 quaecumque
884 3597 913 3649 in
929 3597 1031 3650 itinero
1044 3601 1179 3650 eventura
1196 3603 1297 3665 omont,

197 3667 341 3748 praedixit
364 3667 489 3729 suadens,
508 3667 619 3736 quando
644 3668 689 3722 dci
714 3673 785 3723 nuto
810 3668 944 3722 barbaros
963 3668 1103 3736 vicissent,
1124 3684 1160 3722 ne
1184 3667 1297 3724 effusius

198 3755 247 3792 eos
267 3739 408 3808 sequendo
427 3739 455 3792 in
473 3737 589 3792 insidias
607 3738 763 3794 inciderent
780 3739 967 3808 perirentque.

300 3813 341 3863 ll.
378 3810 431 3865 Sed
449 3810 519 3865 hacc
537 3809 572 3863 da
583 3809 745 3877 Gotoirodo‚
764 3810 851 3864 Raolo
870 3811 1026 3880 caterisque
1044 3826 1091 3864 eos
1109 3811 1296 3879 sequentibus.

196 3879 374 3934 Boumunous
392 3884 486 3934 autom
505 3898 568 3936 cum
586 3881 649 3935 aliis
666 3881 815 3936 comitibus
828 3899 890 3936 cum
902 3883 1008 3951 Aprum
1020 3883 1201 3950 pervenisset,
1221 3883 1296 3951 quod

197 3967 288 4021 neque
307 3968 322 4005 s
341 3951 482 4006 nobilibus
501 3969 531 4006 ss
547 3952 697 4006 oriundum
717 3953 801 4007 sciret
819 3971 870 4008 nec
887 3958 1004 4022 propter
1023 3953 1155 4021 pecuniae
1173 3954 1297 4022 inopiam

197 4039 329 4094 magnum
354 4025 506 4078 exercitum
535 4023 658 4092 haberet,
687 4029 719 4077 ut
747 4029 775 4078 et
799 4025 977 4094 imperatoris
1002 4025 1056 4078 sibi
1084 4023 1206 4078 savorem
1234 4041 1298 4080 oon·

197 4094 306 4148 ciliaret
332 4099 362 4148 et
385 4110 435 4148 sua
462 4095 576 4150 consilia
594 4094 758 4162 occultaret,
782 4113 844 4150 oum
870 4095 965 4150 decem
989 4096 1072 4150 modo
1090 4095 1177 4150 Gallis
1196 4099 1297 4152 ceteris

198 4166 347 4220 comitibus
365 4182 549 4235 praecurrens
567 4169 729 4235 properarit
747 4166 1017 4236 Constantinopolin.
1037 4168 1200 4237 imperator,
1222 4167 1297 4238 qnod

197 4235 252 4290 viri
272 4237 414 4294 machinae
443 4236 623 4306 fallacemque
653 4238 713 4292 eius
744 4244 773 4292 et
796 4237 955 4293 insidiosam
981 4242 1110 4293 naturam
1135 4239 1184 4293 diu
1204 4245 1297 4308 norat,

197 4308 361 4378 priusquam
380 4310 469 4364 ceteri
486 4311 603 4363 comites
625 4307 762 4380 adessent,
781 4309 931 4365 convenire
955 4325 1017 4366 eum
1035 4311 1125 4366 voluit
1143 4317 1172 4366 et
1189 4312 1296 4383 audire,
