2760 4756
205 379 246 458 το
345 463 347 468 Ι
578 391 700 444 nmen
726 389 922 444 oonnnurn

203 561 399 650 προσμένειν
420 556 475 627 διά
497 555 557 646 τὴν
578 555 697 627 σπάνιν
716 563 784 626 τῶν
803 555 1029 649 βοσκημάτων,
1046 559 1076 630 εί
1088 562 1142 628 καί
1163 560 1223 651 τὴν
1236 566 1297 630 τοῦ

201 663 361 748 βασιλέως
378 656 461 746 μετὰ
481 663 540 727 τοῦ
554 652 710 748 Ἰσαγγέλη
732 653 887 746 άνὲμενον
901 652 1020 752 άψιξιν,
1042 665 1096 730 ἵνα
1118 668 1210 732 κεῖθι
1224 687 1298 732 συν-

204 760 376 848 ταξάμενοι
396 755 484 849 αύτῷ
504 765 564 848 τῆς
586 757 671 848 πρὸς
694 762 831 830 Νίκαιαν
852 766 1016 852 φερούσης
1038 760 1199 852 ἅψωνται,
1222 767 1298 852 διχῆ

203 866 425 951 διαιρεθέντες
446 859 477 930 σί
499 865 558 947 μὲν
578 861 634 931 διά
658 868 717 951 τῆς
738 867 893 931 Βιθυνῶν
921 867 975 932 καί
1000 870 1058 955 τῆς
1080 867 1298 954 Νικομηδείας

173 966 291 1054 Βπρὸς
306 969 442 1034 Νίκαιαν
461 957 609 1054 ἤλαυνον,
634 959 665 1032 oi
687 965 723 1032 δὲ
744 961 802 1034 τόν
821 969 882 1050 τῆς
894 971 1050 1056 Κιβωτοῦ
1072 965 1325 1056 διανηξάμενοιῡ

205 1065 363 1156 πορθμόν
375 1067 408 1148 ἐς
421 1057 539 1133 ταύτόν
553 1062 823 1153 συνεληλύθεσαν.
844 1067 898 1134 καί
912 1063 998 1134 οὕτω
1013 1072 1053 1158 τῇ
1063 1069 1183 1158 Νικαίᾳ
1199 1095 1301 1156 προσ-

204 1165 407 1249 πελάσαντες
424 1166 501 1250 τούς
517 1165 665 1254 πύργους
677 1168 731 1235 καί
741 1165 799 1248 τάς
812 1165 932 1254 μεταξύ
950 1171 1101 1254 κορτίνας
1113 1171 1228 1259 σφίσιν
1247 1165 1302 1238 αύ-

206 1278 278 1351 τοῖς
298 1271 507 1354 διενείμαντο,
531 1266 612 1336 κατά
633 1266 743 1352 τάξεις
763 1267 855 1349 τινάς
882 1267 943 1356 τήν
962 1272 1169 1354 τειχομαχίαν
1190 1277 1301 1340 ποιεῖν

120 1441 125 1450 ,
204 1367 467 1458 βουλευσάμενοι,
490 1370 530 1436 ἵν’
560 1370 717 1436 ἐντεῦθεν
740 1369 852 1455 ἕτερος
884 1366 971 1453 πρός
997 1369 1109 1457 ἕτερον
1141 1371 1302 1457 ἐρίζοντες

205 1473 447 1561 καρτερωτέραν
476 1469 535 1562 τὴν
565 1472 757 1556 πολιορκίαν
790 1476 962 1540 ποιοῖντο·
992 1470 1032 1540 τό
1053 1472 1089 1540 δὲ
1111 1475 1211 1558 λα’χος
1242 1478 1301 1542 τοῦ
1312 1493 1344 1545 10

207 1569 362 1662 Ἰσαγγέλη
393 1571 486 1642 κενόν
527 1569 678 1651 ἐάσαντες
707 1569 766 1662 τὴν
791 1571 915 1641 ἐκείνου
944 1574 1148 1658 προσέμενον
1180 1566 1300 1664 άφιξιν.

176 1675 240 1746 ce
253 1669 360 1764 τούτῶ
382 1673 418 1742 δὲ
439 1677 493 1742 καί
508 1671 526 1740 ό
540 1673 749 1760 αὐτοκράτωρ
764 1669 822 1741 τόν
836 1670 1023 1741 Πελεκάνον
1045 1676 1200 1761 κατέλαβε
1214 1673 1298 1744 κατά

205 1780 282 1843 νοῦν
307 1773 391 1859 ἔχων
412 1772 473 1863 τήν
495 1775 639 1854 Νίκαιαν,
663 1769 708 1855 ῶς
734 1770 871 1860 όλόγος
892 1771 1027 1862 φθάσας
1056 1771 1226 1863 ἐδήλωσεν.
1269 1771 1302 1844 oi

206 1876 242 1944 δὲ
263 1873 354 1955 ἐντός
376 1875 512 1956 Νικαίας
531 1872 690 1963 βάρβαροι
712 1873 770 1942 τόν
795 1871 971 1943 σουλτάνον
992 1873 1149 1957 πολλάκις
1167 1875 1215 1956 εἷς
1242 1875 1302 1968 τὴν

206 1979 301 2065 σφῶν
320 1967 426 2042 αύτῶν
447 1969 576 2066 άρωγὴν
603 1977 866 2061 μετεπέμποντο.
910 1976 1033 2043 ἐκείνου
1059 1979 1096 2044 δέ
1123 2003 1155 2044 τι
1181 1978 1301 2063 βραδύ·
1312 1995 1341 2048 15

90 2090 120 2146 P.
141 2094 195 2148 310
207 2099 318 2156 νοντας
339 2076 393 2144 καί
411 2081 469 2164 τῆς
498 2078 691 2160 πολιορκίας
714 2077 750 2159 ἐξ
771 2069 931 2164 ἀνατολῆς
962 2075 1058 2167 ἡλίου·
1087 2078 1182 2165 μέχρι
1203 2104 1299 2146 κατα-

204 2175 329 2258 δύσεως
360 2171 459 2268 αύτῆς
492 2179 525 2246 ἓν
546 2181 685 2260 πολλοῖς
707 2170 767 2266 ἤδη
790 2179 956 2266 γινομένης
986 2179 1126 2267 ἡμέραις,
1158 2179 1233 2248 ἐπεὶ
1267 2180 1302 2248 ἐν

208 2283 313 2367 στενῷ
334 2281 451 2369 κομιδῆ
471 2277 511 2344 τά
530 2280 598 2346 κατ’
620 2274 738 2359 αύτούς
759 2277 880 2363 ἑώρων,
910 2276 1210 2368 γνωσιμαχήσαντες
1230 2281 1301 2364 βάλ-

205 2405 276 2448 τιον
297 2381 579 2468 προσεληλυθέναι
593 2385 640 2468 τῷ
654 2382 783 2465 βασιλεῖ
803 2375 825 2468 ἢ
839 2377 933 2464 ’παρὰ
943 2385 1010 2446 τῶν
1029 2383 1165 2448 Κελτῶν
1179 2377 1301 2448 ἁλῶναι

208 2477 396 2568 ἐγνώκεσαν.
417 2483 669 2566 μετακαλοῦνται
680 2483 790 2548 τοίνυν
805 2481 856 2548 ἐπ’
875 2478 957 2548 αύτό
972 2485 1070 2548 τοῦτο
1086 2478 1144 2548 τόν
1159 2487 1343 2554 Bonum-20

206 2581 302 2670 μάτην
320 2577 402 2647 τόσα
434 2581 487 2647 καί
515 2577 597 2648 τόσα
618 2575 727 2667 άγοθά
749 2578 839 2666 παρὰ
861 2584 920 2648 τοῦ
940 2579 1100 2664 βασιλέως
1122 2581 1302 2649 πείσεσθαι

208 2679 262 2750 διά
281 2678 477 2770 γραμμάτων
499 2685 623 2765 συχνῶν
646 2677 802 2762 πολλάκις
826 2675 943 2762 αύτοῖς
963 2676 1248 2768 ἐπαγγελλόμενον,
1273 2680 1303 2750 εί

302 2819 328 2872 θ.
347 2815 472 2886 ἅψωνται
491 2817 545 2884 Fe,
563 2814 684 2887 ἅψονται
701 2819 731 2873 P.
839 2821 865 2874 4.
885 2823 912 2872 ol
929 2819 964 2888 A,
982 2816 997 2873 ὁ
1016 2817 1046 2873 Ρ.
1078 2837 1081 2858 ·
1116 2823 1250 2878 Βιθυνίας
1267 2819 1302 2874 Δ.

304 2892 329 2944 5.
348 2883 463 2957 ἤλαυνον
474 2890 508 2958 Α,
530 2886 643 2957 ἤλαυνεν
651 2890 680 2946 P.
757 2894 798 2946 12.
818 2892 849 2946 ἐν
868 2886 956 2960 τούτῶ
965 2889 1020 2952 Ac,
1039 2891 1158 2944 ἐνταῦθα
1176 2889 1205 2944 Ρ.
1243 2910 1303 2944 κατ·

303 2965 382 3029 ἔλαβε
401 2961 459 3028 FA,
481 2965 630 3030 κατέλαβεν
641 2961 671 3016 P.
791 2965 832 3017 15.
851 2959 962 3034 ἀρωγὴν
971 2959 1051 3030 Fre,
1070 2956 1245 3030 άρρωγὴνΡε
1264 2963 1304 3017 eie

304 3032 361 3087 fere
380 3050 495 3102 semper.
546 3029 767 3103 μραύάνανιοςῦ.
834 3036 876 3086 20.
896 3029 961 3087 αι’πὸ
974 3033 1052 3087 τοῦτο
1065 3033 1176 3101 scripsi:
1189 3027 1263 3102 αὐτῷ
1272 3033 1301 3087 Ρ.

303 3105 346 3159 22.
372 3099 614 3177 ἐπαγγελλόμενον
631 3105 690 3174 FA,
717 3101 943 3177 λπαγγελόμινον
960 3104 990 3173 Ρ,
1017 3098 1257 3176 ἐπαγγειλάμενον
1274 3103 1303 3160 G.

204 3241 315 3280 munere
338 3241 394 3278 non
421 3229 540 3294 possent,
568 3227 620 3280 etsi
647 3225 822 3295 imperatorie
851 3244 914 3282 oum
933 3223 1055 3296 Isengele
1081 3223 1230 3279 edveutum
1255 3242 1303 3296 op·

203 3297 290 3368 periri
308 3297 518 3363 constituerent,
542 3300 575 3349 ut
593 3299 732 3352 coniuncti
755 3316 818 3352 eum
838 3307 870 3352 eo
889 3297 1019 3352 Nicaeam
1037 3300 1193 3366 pergerent,
1212 3295 1302 3352 diviso

204 3369 314 3439 agmine
342 3367 383 3421 illi
407 3383 456 3437 per
482 3367 615 3437 Bithynos
639 3369 881 3439 Nicomediumque
908 3387 936 3423 ιε
958 3366 1136 3422 contulerunt
1164 3366 1303 3436 itionem,

203 3441 252 3495 eiii
270 3439 361 3494 ciboti
385 3437 458 3492 freto
482 3440 599 3494 traiecto
627 3440 661 3494 ed
679 3441 796 3494 eundem
817 3441 908 3496 looum
927 3443 1124 3495 oonrenerunt.
1161 3442 1245 3508 etque
1263 3441 1304 3495 in

204 3512 321 3567 Nicaeae
358 3511 617 3580 appropinquarunt
651 3515 796 3580 turresque
834 3513 912 3566 urbis
938 3511 1132 3580 moeniumque
1158 3511 1232 3564 inter
1258 3528 1304 3566 eeu

203 3583 302 3638 loricae
327 3582 400 3636 inter
428 3597 456 3635 ee
483 3583 590 3651 pertiti,
620 3600 675 3652 quo
699 3586 790 3638 uerior
813 3583 984 3654 singulorum
1007 3581 1191 3636 aemulatione
1215 3600 1304 3652 oppu-

204 3655 299 3725 gnatio
316 3658 396 3720 εεεεε,
424 3653 522 3708 ordine
550 3653 669 3723 quodum
698 3671 791 3710 muros
812 3660 927 3725 quatere
945 3657 1116 3721 statuerunt3
1145 3653 1219 3722 quod
1238 3671 1303 3710 vero

204 3727 343 3782 moenium
360 3725 478 3796 hungeli
500 3731 575 3780 rorte
599 3733 735 3792 evenerat,
763 3726 792 3779 id
817 3744 932 3781 veouum
958 3725 1131 3793 reliquerunt
1154 3725 1304 3780 adrentum

205 3799 263 3853 eine
272 3799 453 3866 opperientes.
488 3795 582 3850 eodem
593 3801 717 3866 tempore
728 3799 881 3868 imperator
893 3797 1055 3852 Peleounum
1073 3796 1156 3866 petiit
1168 3797 1303 3866 cogitans,

204 3874 237 3924 ut
254 3869 337 3922 modo
356 3869 424 3935 dixi,
442 3868 476 3922 de
493 3869 629 3937 eripiendo
646 3869 753 3924 Nieeee
790 3871 838 3924 sed
851 3870 899 3939 qui
911 3869 1041 3924 Nieeeenr
1057 3867 1223 3922 obtinebunt
1241 3869 1304 3922 bur-

203 3941 274 4009 bari‚
299 3957 362 3994 eum
387 3956 467 4008 saepe
494 3957 544 4009 per
568 3940 679 3994 nuutios
704 3943 859 3996 cunctantis
879 3941 980 3995 eulteni
1002 3939 1136 3994 auxilium
1160 3940 1303 4008 implores·

205 4018 273 4078 seut,
291 4012 499 4082 oppugnatione
518 4011 612 4066 multis
636 4011 734 4068 diebus
759 4030 775 4067 e
801 4013 864 4068 eolis
896 4017 960 4066 ortu
992 4011 1028 4066 ed
1058 4027 1184 4066 oooeeum
1214 4028 1302 4080 usque

204 4086 365 4139 continuate
397 4100 495 4153 magne
520 4085 645 4138 omnium
680 4101 773 4138 rerum
802 4086 895 4154 inopia
931 4085 1020 4138 eoeoti
1047 4082 1115 4152 quid
1143 4081 1301 4137 faciendum

204 4159 275 4210 eruet
301 4155 541 4221 deliberaverunt3
572 4155 683 4208 tandem
714 4155 811 4209 melius
837 4160 1002 4210 censuerunt
1038 4155 1074 4208 ed
1102 4155 1300 4224 imperatorem

206 4225 334 4281 eooedere
362 4243 444 4296 quem
478 4244 494 4279 u
526 4225 610 4281 Gallie
637 4227 706 4296 oapi.
758 4243 842 4297 quare
878 4227 1038 4280 Butumiten
1077 4225 1193 4294 adeunt,
1224 4225 1303 4280 cuiue

206 4298 308 4354 litteris
333 4301 379 4353 tot
405 4301 539 4367 tantoque
570 4299 748 4368 imperatorie
779 4299 902 4370 proemio
928 4296 1130 4353 ostentantibus
1159 4313 1241 4368 eeepe
1267 4295 1303 4352 ed
