2760 4756
179 405 199 462 4
454 438 456 446 1
548 415 668 466 ANNAE
697 413 893 466 OOMNENAE
985 471 988 476 ¹

179 588 295 673 στῆσαι
312 582 370 673 τὴν
391 579 539 673 σφοδράν
559 587 623 650 τοῦ
643 586 753 650 κακοῦ.
770 585 870 671 ῥύμην
897 583 1086 670 βουληθείς,
1113 581 1194 664 τούς
1218 589 1276 673 τῆς

179 686 347 772 ἐκκλησίας
369 681 505 770 λογάδας
526 681 711 770 συναγαγών
725 680 862 752 σύνοδον
876 685 955 769 περὶ
968 680 1105 763 τούτους
1123 685 1276 768 γενέσθαι

178 792 270 878 κοινῇ
301 787 535 867 σονεσκὲψατο.
589 787 642 852 καὶ
673 790 780 872 παρῆν
798 811 799 820 ’
817 790 990 872 τηνικαῦτα
1021 783 1108 851 άπαν
1138 782 1177 852 τδ
1209 789 1275 852 τῶν

178 887 355 972 α’ρχιερέων
375 883 537 976 πλήρωμα
557 887 611 952 καί
632 879 730 965 αὐτὸς
752 883 770 954 ό
794 883 996 972 πατριάρχης
1015 881 1186 965 Νικόλαος.
1221 887 1275 952 καὶ

179 984 198 1055 ὁ
221 992 340 1068 Νεῖλος
362 986 409 1068 εἰς
430 986 469 1056 τό
491 987 593 1072 μέσον
613 985 696 1072 μετὰ
716 992 782 1055 τῶν
805 981 987 1074 Ἀρμενίων
1008 990 1133 1076 ἵστατο,
1155 988 1209 1054 καί
1232 985 1300 1055 ado

148 1085 296 1157 Οτούτον
317 1081 579 1156 ἀνεκαλύπτοντο
613 1085 766 1174 δόγματα,
802 1090 855 1154 καὶ
888 1081 924 1168 ὃς
946 1090 1081 1178 λαμπρᾷ
1107 1093 1146 1178 τῇ
1179 1091 1274 1178 φωνῇ

177 1195 278 1257 ταῦτα
301 1188 449 1258 ἐδίδασκε
468 1191 523 1256 καὶ
546 1187 684 1273 ἰσχυρῶς
703 1182 811 1254 αἰτῶν
832 1186 887 1256 διὰ
912 1183 1075 1257 πλειόνων
1096 1181 1272 1272 άντείχετο.

176 1291 209 1357 τί
227 1287 265 1358 τό
288 1289 458 1370 inedies,
478 1287 497 1381 ἡ
517 1286 663 1374 σύνοδος,
678 1292 731 1355 ἵνα
748 1291 882 1357 πολλῶν
895 1284 1063 1380 ἀπαλλάξῃ
1086 1286 1196 1374 ψυχάς
1216 1294 1275 1377 τῆς

176 1393 420 1481 διεφθαρμένης
442 1385 546 1458 αύτοῦ
576 1393 716 1478 διδαχῆς,
745 1389 867 1479 αἰωνίῳ
898 1396 1015 1458 τοῦτον
1044 1393 1275 1475 καθυπέβαλεν

175 1489 358 1577 άναδέματι
379 1494 432 1560 καὶ
453 1489 511 1580 τὴν
540 1493 617 1559 καθ’
651 1488 833 1560 ὑπόστασιν
863 1491 979 1559 ἕνωσιν
1009 1489 1091 1559 κατά
1120 1489 1178 1571 τάς
1207 1495 1273 1557 τῶν
1285 1511 1319 1562 10

176 1589 275 1680 άγίων
307 1589 506 1679 παραδόσεις
537 1591 777 1682 ἐμφανέστερον
803 1584 989 1679 άνεκήροξ.
1032 1589 1122 1677 μετά
1152 1596 1271 1658 τοῦτον

176 1687 197 1780 ἢ
218 1694 340 1777 μᾶλλον
361 1692 469 1761 εἰπεῖν
488 1691 546 1761 σύν
568 1693 675 1782 τούτῳ
696 1694 749 1760 καὶ
765 1690 783 1760 ὁ
800 1693 1014 1780 Βλαχερνίτης
1039 1692 1271 1780 δεδημοσίεοτο

176 1787 281 1880 α’σεβῆ
303 1795 356 1861 καὶ
379 1794 504 1884 ἔκφυλα
523 1799 582 1881 τῆς
604 1796 772 1882 ἐκκλησίας
789 1798 931 1884 φρονῶν,
955 1790 1013 1860 κάν
1028 1789 1203 1879 ίερωμένος
1223 1780 1271 1880 ἦν.

176 1888 449 1975 Ἐνθοοσιασταῖς
467 1897 526 1981 γάρ
549 1893 706 1983 ὁμιλήσας
728 1897 780 1962 καὶ
807 1899 865 1983 τῆς
888 1897 1018 1962 τούτων
1047 1890 1153 1981 λύμης
1172 1919 1272 1978 μετα-

176 1991 263 2077 σχιδν
284 1994 428 2074 πολλούς
447 2020 483 2063 τε
506 1997 676 2078 ἐξαπατῶν
697 1997 750 2060 καὶ
771 1992 911 2080 μεγάλας
932 2000 998 2060 τῶν
1020 1995 1053 2061 ἐν
1073 1999 1113 2084 τῇ
1134 1995 1270 2078 μεγαλο-
1285 2014 1318 2064 15

143 2091 272 2161 Βπόλει
304 2093 408 2174 οἰκίας
440 2091 634 2179 ὑπορύττων
663 2096 717 2160 καὶ
750 2085 955 2178 παραδιδούς
975 2090 1016 2158 τά
1040 2098 1097 2181 τῆς
1120 2093 1273 2177 ἀσεβείας

176 2191 330 2281 δόγματα,
354 2195 428 2262 ἐπεὶ
454 2191 561 2262 πολλὰ
592 2191 749 2274 πολλάκις
769 2189 1067 2279 μεταπεμπόμενος
1087 2196 1142 2260 καὶ
1164 2195 1274 2261 διδασ-

175 2292 313 2379 κόμενος
341 2292 432 2390 παρὰ
466 2299 524 2362 τοῦ
556 2287 800 2382 αύτοκράτορος
836 2288 903 2362 odd
935 2291 1022 2374 ὅλως
1059 2299 1119 2382 τῆς
1152 2292 1274 2374 οἰκείας

175 2397 366 2479 κακοδοξίας
387 2391 557 2485 ἀφίστατο,
580 2399 619 2486 τῇ
642 2394 792 2484 ἐκκλησίᾳ
814 2396 868 2462 καὶ
888 2399 1006 2462 τοῦτον
1027 2387 1272 2480 όαύτοκράτωρ

176 2497 407 2580 παρέπεμψεν.
463 2491 494 2560 oi
523 2496 560 2561 δὲ
592 2495 648 2562 ἐπὶ
680 2496 781 2564 πλέον
814 2500 931 2563 τοῦτον
972 2491 1187 2579 ἐξετάσαντες,
1227 2491 1320 2574 ῶς20

65 2614 95 2670 P.
115 2589 381 2680 271άμετάθετον
402 2597 456 2662 καί
470 2588 564 2662 αύτοί
579 2593 767 2682 ἐγνώκεσαν,
780 2591 880 2662 αὐτόν
895 2621 930 2662 τε
949 2593 1071 2682 αἰωνίῳ
1087 2586 1272 2678 άναδὲματι

176 2697 229 2762 καὶ
249 2694 290 2762 τά
307 2691 429 2764 τούτου
452 2691 596 2781 δόγματα
616 2697 858 2779 καθυπέβαλον.
925 2771 931 2794 x

177 2829 179 2832 ⁵
276 2841 299 2894 l.
321 2838 450 2912 σφοδράν
461 2841 493 2906 F,
507 2836 619 2913 σφόδρα
632 2841 662 2896 P.
745 2845 770 2896 2.
788 2835 882 2895 τούτου
900 2841 956 2894 AV.
1038 2841 1063 2894 3.
1083 2844 1274 2908 σονεσιιέψατο

275 2912 353 2978 cGV,
368 2918 558 2981 συνεσκέψατο
569 2913 601 2968 Ρ.
736 2917 760 2966 t.
782 2916 820 2972 εἰς
837 2911 867 2967 τὸ
886 2931 939 2967 om.
960 2911 1017 2966 GV.
1157 2914 1198 2965 10.
1219 2913 1275 2964 τῶν

274 3001 319 3038 om
336 2985 368 3038 G.
499 2988 540 3039 12.
569 2983 714 3046 o‘FGVA,
732 3002 786 3039 om.
805 2985 836 3038 P.
970 2985 1011 3036 15.
1042 3001 1069 3035 τε
1087 2981 1168 3047 FGV,
1191 2983 1223 3036 δὲ
1242 2981 1274 3036 P.

273 3054 339 3126 τῶν]
358 3052 405 3114 τὰς
430 3053 509 3110 cGV.
613 3059 657 3108 22.
676 3059 871 3124 καθυπέβαλαν
889 3054 946 3124 FV,
965 3057 1175 3122 καθνπέβαλλον
1189 3053 1218 3108 Ρ.

175 3170 231 3223 ties
249 3169 315 3224 unio
333 3168 390 3223 fere
408 3169 593 3240 ignoraretur,
617 3170 731 3224 nimiam
751 3169 940 3239 improbitatis
966 3169 1023 3223 vim
1051 3167 1200 3238 profligare
1227 3184 1274 3222 ou·

175 3242 253 3308 piens
273 3240 402 3295 eeclesiae
430 3258 558 3310 proceres
576 3243 737 3298 convocavit
762 3241 950 3312 synodumque
970 3241 1005 3295 de
1032 3239 1075 3294 his
1092 3238 1154 3294 fieri
1171 3240 1274 3294 oonsti·

174 3312 239 3366 tuit.
275 3313 405 3367 convenit
433 3315 576 3367 universus
603 3314 795 3384 episopporum
824 3317 1005 3368 eoetns'eum
1035 3311 1095 3381 ipso
1114 3311 1274 3380 patrieroha
1374 3311 1375 3314 ’

174 3383 296 3438 ΝίαοΙαο.
332 3383 410 3438 Nilus
432 3385 462 3438 in
482 3383 572 3440 medio
601 3403 663 3440 oum
684 3386 824 3448 Armeniis
842 3385 1009 3440 constitutus
1029 3387 1071 3436 est
1090 3387 1174 3450 atque
1197 3381 1274 3436 adita

173 3455 305 3525 dogmata
322 3456 390 3509 eius.
427 3460 487 3510 tum
508 3457 553 3511 ills
581 3457 656 3511 olara
682 3473 748 3512 vocs
775 3473 806 3510 ea
834 3455 931 3510 docuit
956 3460 984 3509 et
1008 3459 1119 3509 strenue
1146 3453 1274 3523 pluribus

173 3525 284 3580 firmare
302 3532 417 3582 oonstus
436 3533 485 3582 est.
521 3545 607 3598 quare
626 3528 753 3598 synodus,
773 3533 805 3581 ut
823 3529 972 3582 multorum
994 3527 1100 3580 animas
1111 3530 1274 3593 soorrnpta

173 3601 232 3653 eius
250 3598 378 3653 doctrine
395 3603 529 3666 tueretur,
548 3605 683 3668 perpetuo
702 3617 763 3654 eum
782 3599 957 3654 anathemate
978 3598 1129 3661 damnavit,
1149 3596 1272 3668 hyposti-

173 3687 234 3725 oam
252 3672 381 3726 unionem
400 3671 550 3725 seeundum
566 3676 724 3726 sanctorum
742 3671 907 3725 traditiones
917 3668 1088 3724 manifestius
1101 3668 1271 3738 praedicans.

174 3747 238 3810 post
256 3742 329 3797 hune
346 3743 389 3797 vel
408 3743 501 3811 potius
519 3761 574 3796 une
592 3760 653 3798 oum
673 3743 726 3798 hoc
750 3744 834 3798 etiam
853 3741 1028 3797 Blachernita
1050 3740 1198 3795 damnetur
1222 3745 1271 3806 est,

174 3815 231 3882 qui,
259 3813 325 3869 lieet
353 3814 478 3869 sacerdos
507 3819 584 3882 esset,
612 3817 698 3884 impis
722 3819 751 3868 et
769 3815 804 3868 sb
823 3815 937 3869 eeclesia
955 3814 1045 3867 aliena
1062 3812 1207 3866 sentiebat.
1248 3812 1272 3866 is

175 3886 247 3938 enim
276 3885 517 3941 Enthusiaste'rum
550 3886 749 3941 consuetudins
777 3903 842 3940 usus
873 3891 901 3940 et
934 3886 979 3940 lue
1007 3901 1102 3938 eorum
1128 3887 1272 3937 eontaotus

175 3957 277 4010 multos
294 3957 408 4012 fallebat
441 3974 607 4028 magnasque
628 3957 880 4027 Constantinopolis
905 3957 1000 4012 domos
1029 3956 1164 4010 subruens
1183 3955 1271 4023 impia

174 4027 305 4097 dogmata
334 4029 547 4099 promulgabet3
585 4047 702 4099 eumque
733 4047 814 4099 saepe
853 4029 888 4082 ab
926 4029 1094 4096 imperatore
1126 4027 1272 4080 aroessitus

174 4099 341 4169 edoctusque
368 4103 480 4154 minime
497 4107 588 4155 tamen
614 4101 649 4155 ab
668 4103 809 4156 erroribus
833 4101 889 4154 suia
906 4100 1059 4166 desisteret,
1087 4099 1146 4166 ipse
1163 4114 1273 4167 quoque

174 4170 210 4225 ad
227 4171 370 4226 eeclesiam
387 4172 494 4227 delatus
512 4177 562 4227 est.
598 4172 677 4226 ‘huno
703 4178 796 4240 patres
821 4171 970 4242 diligenter
1000 4171 1194 4231 examinatum,
1223 4171 1272 4224 ubi

174 4259 230 4296 non
249 4259 328 4312 posse
345 4259 407 4297 sum
425 4245 528 4298 mutari
545 4244 749 4310 intellexerunt,
766 4249 795 4298 st
806 4245 897 4312 ipsum
917 4248 945 4298 et
962 4242 1095 4312 dogmata
1107 4242 1165 4295 eius
1176 4257 1273 4310 perpe-

174 4319 223 4370 tuo
246 4314 416 4370 anathemati
434 4316 622 4371 subieeerunt.
